3818 4904
699 455 800 511 noc]
824 457 855 510 E
884 457 1009 512 trano
1044 455 1302 511 vnnrrnrnnr.
1620 433 1686 527 131·

412 672 508 752 Item,
531 673 704 738 consimile
727 677 867 758 contigit
889 697 949 759 pro
974 676 1135 741 electione
1158 677 1298 740 duorum
1323 672 1485 737 malorum
1507 669 1681 734 hominum

323 791 356 854 in
385 792 543 858 abbatem
573 794 669 858 unius
699 794 772 875 loci,
802 817 943 878 quorum
974 818 1059 860 unus
1092 796 1187 878 quasi
1217 796 1320 860 laicus
1350 793 1421 869 tuit,
1453 800 1488 855 et
1517 799 1590 854 tum
1619 789 1683 854 fuit

322 910 449 976 electus
472 913 504 976 in
528 914 694 990 abbatem,
712 925 746 981 et
767 914 852 980 alter
872 928 990 998 postea
1008 916 1133 981 electus
1155 915 1217 980 fuit
1240 916 1273 978 in
1292 914 1485 996 episcopum
1501 911 1534 973 in
1550 909 1682 985 Wallia,

323 1041 360 1094 ut
390 1032 430 1096 lis
460 1044 605 1098 cessaret
635 1035 720 1098 inter
754 1035 864 1118 ipsum
892 1036 1036 1101 electum
1066 1037 1100 1099 in
1130 1037 1287 1100 abbatem
1314 1045 1347 1099 et
1377 1034 1464 1097 inter
1493 1030 1683 1096 consocium

322 1173 419 1215 suum
446 1153 589 1218 electum
616 1175 688 1219 esse
718 1157 752 1219 in
773 1156 933 1221 abbatem
960 1156 1111 1239 ejusdem
1138 1157 1305 1221 abbathiae
1333 1154 1452 1238 regalis
1475 1149 1683 1216 fundacionis

323 1282 357 1336 et
387 1273 567 1355 sepulturae
594 1295 720 1357 regum.
768 1277 867 1341 Heul
898 1276 984 1342 heu!
1022 1276 1167 1341 Domine
1195 1279 1305 1340 Deusl
1344 1276 1400 1338 ubi
1427 1273 1530 1338 cubas
1550 1271 1622 1353 jam
1650 1269 1683 1332 in

324 1393 469 1469 meridie,
494 1396 514 1456 i.
526 1415 554 1459 e.
570 1395 626 1457 ubi
647 1406 698 1460 est
720 1416 798 1459 vera
818 1396 958 1460 ecclesia
978 1405 1045 1474 tua,
1062 1418 1128 1480 qua
1150 1418 1227 1461 vere
1248 1392 1447 1478 requiescis?
1493 1391 1524 1456 Ο
1548 1389 1684 1454 domine

322 1533 420 1595 papa,
449 1514 510 1579 Xti
535 1515 675 1579 vicarie!
706 1516 880 1598 accingere
901 1516 1015 1600 gladio
1040 1517 1131 1581 verbi
1160 1518 1233 1593 Dei,
1261 1518 1340 1600 quia
1367 1515 1412 1578 dii
1439 1511 1513 1577 falsi
1536 1511 1569 1573 in
1595 1519 1684 1574 terra

321 1633 538 1698 vehementer
558 1634 679 1701 elevati
703 1647 781 1700 sunt
791 1636 808 1700 ¹.

411 1753 508 1830 Item,
541 1776 645 1838 nuper
675 1778 759 1821 unus
793 1757 903 1833 homo,
935 1759 992 1840 qui
1021 1759 1150 1841 optavit
1180 1769 1217 1823 ut
1247 1767 1334 1822 esset
1364 1755 1489 1819 electus
1525 1752 1558 1815 in
1585 1750 1684 1814 deca·

324 1885 441 1938 natum
480 1875 628 1940 ecclesiae
664 1877 794 1952 Sarum,
826 1879 859 1939 in
898 1878 953 1943 die
991 1877 1169 1955 electionis,
1200 1879 1397 1944 auctoritate
1434 1869 1682 1954 archiepiscopi,

323 1995 555 2078 pronunciavit
587 1998 784 2062 nominatim
817 2009 927 2063 certos
959 1999 1046 2064 viros
1082 2022 1154 2064 esse
1189 2010 1268 2064 tunc
1301 1995 1618 2068 excommunicatos,
1649 2000 1685 2055 et

322 2137 383 2198 per
406 2116 518 2200 plures
547 2126 647 2182 antea
672 2119 774 2183 fuisse
803 2121 1039 2202 pronunciatos
1069 2142 1129 2204 pro
1160 2120 1420 2195 contumacibus,
1448 2127 1481 2182 et
1511 2115 1575 2179 hoc
1605 2111 1685 2176 fecit

322 2238 401 2320 quia
426 2237 518 2302 novit
548 2240 638 2320 quod
670 2239 716 2302 illi
746 2240 805 2303 viri
833 2261 900 2303 non
926 2239 1103 2304 voluerunt
1129 2240 1250 2324 eligere
1276 2243 1385 2323 ipsum
1411 2240 1445 2302 in
1472 2237 1683 2309 decanatum,

322 2368 356 2422 et
378 2358 425 2423 sic
447 2378 508 2440 per
529 2359 912 2425 excommunicationem
936 2381 1002 2425 non
1024 2361 1187 2426 haberent
1208 2383 1325 2427 vocem
1349 2362 1382 2425 in
1406 2360 1567 2424 electione
1590 2354 1657 2419 illa.

411 2487 445 2554 [p.
470 2487 521 2553 aa]
577 2480 697 2562 Nuper
726 2483 816 2545 enim
845 2481 990 2546 vidimus
1015 2483 1106 2564 quod
1136 2483 1239 2566 pueri,
1263 2481 1411 2564 juvenes,
1435 2490 1469 2544 et
1499 2479 1555 2544 alii
1584 2476 1685 2542 valde

321 2598 445 2678 viciosi,
474 2611 712 2683 promoventur
741 2611 775 2667 et
810 2603 1002 2669 exaltantur
1033 2604 1067 2667 in
1097 2605 1351 2688 episcopatibus,
1382 2602 1557 2677 abbathiis‚
1583 2607 1617 2664 et
1650 2599 1685 2661 in

322 2721 549 2798 decanatibus,
581 2732 616 2786 et
645 2725 678 2786 in
711 2723 1042 2802 archidiaconatibus,
1075 2736 1109 2791 et
1139 2727 1173 2790 in
1204 2726 1333 2808 magnis
1361 2723 1559 2810 praebendis,
1586 2730 1621 2784 et
1650 2719 1685 2784 in

323 2841 477 2922 ecclesiis,
502 2853 536 2908 et
561 2845 681 2910 maturi
705 2845 775 2923 viri,
800 2855 834 2911 et
861 2848 993 2930 experti
1020 2848 1054 2911 in
1080 2849 1156 2927 vita,
1181 2858 1215 2913 et
1239 2847 1385 2926 scientia,
1410 2856 1445 2912 et
1470 2845 1505 2910 in
1528 2862 1686 2926 supremo

322 2965 428 3049 gradu
459 2964 657 3048 theologico,
684 2967 918 3046 excluduntur,
946 2978 980 3034 et
1009 2971 1256 3052 pauperrimam
1281 2971 1387 3034 vitam
1413 2969 1582 3044 ducentes,
1613 2963 1685 3027 nul·

323 3087 391 3151 lam
413 3087 587 3151 ecclesiam
605 3109 665 3153 nec
689 3090 835 3172 regimen
856 3090 971 3173 populi
993 3091 1128 3167 habent,
1145 3101 1180 3156 et
1201 3092 1292 3174 pueri
1312 3092 1469 3173 juniores,
1486 3088 1532 3170 xij
1550 3086 1602 3151 vel
1626 3085 1682 3168 xvj

322 3224 495 3282 annorum,
518 3203 705 3270 habuerunt
728 3227 832 3288 nuper
854 3207 1026 3272 licenciam
1049 3208 1214 3290 papalem,
1236 3217 1273 3271 ut
1293 3209 1359 3271 sint
1385 3204 1533 3271 canonici
1557 3213 1591 3267 et
1614 3222 1685 3266 esse

323 3334 467 3389 rectores
494 3325 527 3387 in
552 3327 683 3409 magnis
710 3326 866 3403 ecclesiis,
887 3328 1009 3393 curatis
1033 3327 1178 3392 exclusis
1200 3349 1220 3392 a
1243 3348 1329 3404 cura,
1355 3327 1463 3390 doctis
1490 3335 1524 3389 et
1547 3322 1685 3387 maturis

322 3446 408 3521 viris,
433 3455 541 3522 aetate,
569 3447 724 3522 moribus,
752 3458 786 3511 et
811 3448 967 3527 scientia;
994 3457 1028 3513 et
1052 3451 1098 3513 sic
1122 3450 1256 3532 ponitur
1280 3448 1407 3512 arundo
1434 3448 1467 3510 in
1491 3448 1593 3511 domo
1612 3441 1685 3506 ·Dei

322 3567 397 3631 loco
428 3566 591 3631 columnae
622 3568 773 3651 lapideae,
804 3578 838 3634 et
867 3569 991 3634 vitulus
1024 3571 1057 3633 in
1084 3581 1195 3634 aratro
1225 3571 1299 3635 loco
1329 3569 1432 3644 bovis,
1460 3567 1595 3651 quando
1624 3565 1686 3628 bos

321 3686 438 3751 haberi
469 3697 582 3770 potest
617 3690 651 3753 in
681 3690 810 3766 eodem,
842 3700 877 3755 et
907 3692 953 3755 sic
985 3691 1057 3774 jam
1089 3693 1171 3756 ordo
1204 3703 1313 3758 rectus
1342 3691 1550 3765 subvertitur,
1581 3695 1624 3760 et,
1649 3694 1688 3749 ut

323 3809 476 3884 creditur,
503 3810 739 3876 maledictione
764 3811 829 3875 Dei
857 3833 958 3895 regna
983 3814 1017 3876 in
1039 3813 1102 3878 hac
1125 3834 1225 3878 causa
1250 3834 1329 3877 mox
1353 3812 1540 3895 punientur.
1584 3806 1688 3870 Tales

322 3938 558 4012 promoventes
589 3941 622 3995 et
657 3932 704 3996 illi
734 3933 790 4015 qui
821 3933 929 3998 officia
959 3944 993 3999 et
1028 3934 1175 4015 regimen
1208 3933 1322 4016 populi
1355 3930 1477 3996 talibus
1513 3927 1687 3992 consemnt

320 4047 446 4130 judicio
471 4050 647 4115 durissimo
669 4055 857 4136 punientur,
876 4064 910 4118 et
934 4053 1114 4136 ejicientur,
1131 4075 1207 4119 cum
1231 4053 1332 4136 Hely,
1352 4053 1395 4117 ab
1418 4051 1482 4115 illis
1504 4070 1580 4132 quae
1603 4068 1688 4131 prae·

322 4174 419 4254 cipue
435 4170 636 4250 dilexerunt,
657 4174 735 4255 quia
757 4175 917 4239 honorem
934 4185 969 4240 et
992 4177 1125 4241 divitias
1149 4175 1220 4258 ejus
1243 4197 1343 4258 quem
1360 4181 1558 4257 promovent
1582 4171 1688 4253 magis

496 4309 502 4342 ¹
519 4309 557 4359 Ps.
569 4308 629 4360 xlix.
645 4324 683 4369 10,
696 4313 838 4376 ‘Quoniam
851 4315 886 4364 dii
899 4315 974 4365 sones
987 4322 1057 4365 terne
1070 4315 1227 4366 vehementer
1239 4313 1328 4364 elevati
1340 4313 1411 4364 sunt·
1446 4311 1521 4376 Vulg.

976 4413 993 4460 S
1018 4417 1035 4461 2
