3818 4904
677 426 776 483 LOCI
802 427 831 480 E
859 425 984 479 LIBRO
1020 421 1278 477 VERITATUM.
1597 432 1656 494 199

304 641 477 705 absentem
509 665 581 707 esse
610 665 630 706 a
661 664 740 707 cura
773 663 841 705 sua.
898 640 1078 721 Disperdat
1110 639 1274 701 Dominus
1303 639 1408 702 virum
1439 639 1496 721 qui
1526 647 1657 702 tantum

305 761 430 825 malum
454 764 532 828 facit
558 773 592 828 et
613 764 720 827 virum
742 763 799 845 qui
821 762 917 825 offert
940 781 1060 823 munus
1077 760 1151 823 Deo
1174 781 1234 843 pro
1256 759 1324 838 tali,
1347 761 1366 824 i.
1378 782 1406 823 e.
1425 780 1484 841 pro
1507 758 1565 824 tali
1587 760 1659 821 viro

305 882 362 963 qui
389 883 481 948 ducit
508 905 648 948 uxorem
673 904 740 946 non
764 904 859 946 suam
882 882 976 964 quasi
1002 901 1063 944 sua
1086 890 1181 957 esset,
1208 881 1228 943 i.
1242 901 1270 945 e.
1288 882 1344 963 qui
1367 880 1470 944 habet
1493 881 1582 944 bona
1605 899 1658 943 ec·

305 1002 413 1067 clesiae
437 1025 513 1086 quae
536 1016 647 1070 essent
670 1005 759 1068 bona
781 1004 964 1066 immediati
988 1003 1092 1066 curati
1115 1001 1202 1065 illius
1224 1001 1380 1067 ecclesiae.

393 1133 430 1200 [p.
448 1133 516 1200 55¹·]
564 1125 648 1189 Haec
675 1135 726 1189 est
755 1125 842 1187 racio
873 1134 998 1187 sanctae
1024 1123 1193 1185 memoriae
1222 1123 1367 1187 doctoris
1393 1123 1532 1186 Roberti
1560 1120 1659 1185 Gros-

305 1253 400 1322 teste,
416 1245 586 1326 quondam
609 1245 753 1327 episcopi
776 1243 1025 1320 Lincolniensis,
1042 1244 1075 1305 in
1098 1243 1237 1324 epistola
1260 1264 1320 1306 sua
1343 1244 1531 1326 responsiva
1553 1242 1659 1307 literae·

307 1363 496 1429 Innocencii
526 1364 592 1447 iiijti
622 1385 728 1448 papa,
762 1365 818 1446 qui
848 1364 953 1428 voluit
986 1372 1021 1427 et
1059 1365 1229 1428 mandavit
1258 1363 1348 1446 quod
1381 1364 1522 1446 juvenis,
1557 1381 1659 1445 nepos

307 1484 456 1565 ejusdem
494 1506 591 1568 papae
625 1485 823 1563 Innocencii,
856 1485 1048 1548 Fredericus
1086 1485 1228 1561 nomine,
1261 1506 1306 1548 ex
1339 1486 1525 1566 provisione
1558 1484 1659 1567 ipsius

306 1625 414 1687 papae,
440 1605 579 1669 haberet
605 1607 794 1688 proximam
822 1628 866 1669 ex
895 1617 974 1670 tunc
1003 1615 1193 1669 vacaturam
1220 1607 1432 1688 praebcndam
1462 1607 1497 1669 in
1522 1606 1660 1670 ecclesia

307 1724 512 1805 Lincolniae;
535 1727 586 1790 cui
611 1728 771 1791 mandato
791 1747 887 1809 papae
906 1727 1061 1790 dominus
1077 1725 1316 1790 Lincolniensis
1338 1747 1506 1809 nunquam
1525 1727 1661 1790 obedire

307 1844 422 1921 voluit,
443 1867 601 1922 asserens,
624 1847 656 1909 in
681 1847 841 1929 praedicta
863 1845 1003 1928 epistola
1025 1847 1223 1928 responsiva,
1246 1847 1314 1911 tale
1336 1847 1460 1911 lactum
1484 1868 1555 1910 esse
1581 1866 1659 1911 con-

307 1969 444 2030 trarium
475 1967 540 2030 Dei
573 1967 732 2030 mandato
762 1978 795 2031 et
826 1967 924 2032 saluti
955 1968 1161 2045 animarum,
1198 1978 1231 2031 et
1262 1967 1416 2050 Epistola
1445 1967 1502 2031 illa
1537 1969 1661 2050 incipit,

307 2087 468 2151 ‘Noverit
494 2088 672 2152 discreccio
697 2097 809 2151 vestra
831 2089 921 2170 quod
947 2088 1113 2151 mandatis
1135 2085 1344 2171 apostolicis,’
1370 2100 1432 2152 etc.
1477 2089 1547 2152 Iste
1573 2088 1660 2152 enim

308 2337 343 2392 et
368 2329 600 2392 archidiacono
628 2327 866 2408 Cantuariensi,
893 2331 1097 2407 mandatum,
1123 2338 1157 2393 et
1188 2350 1252 2392 non
1283 2330 1438 2394 obstante
1464 2350 1662 2412 quocunque

308 2458 445 2528 statut0,
475 2450 528 2514 vel
563 2451 707 2527 decret0,
736 2451 984 2529 consuetudine,
1012 2451 1065 2514 vel
1094 2450 1285 2532 juramento
1319 2453 1509 2533 praestando
1542 2451 1575 2513 in
1608 2471 1661 2514 ec·

310 2571 419 2635 clesiis
457 2571 702 2635 cathedralibus
742 2573 803 2655 ipsi
841 2572 988 2647 domino,
1027 2572 1220 2637 inducerent
1257 2571 1468 2636 Fredericum
1505 2579 1661 2654 nepotem

308 2712 415 2775 papae,
447 2703 482 2756 et
516 2692 745 2773 alienigenam,
774 2693 808 2755 in
841 2693 963 2757 realem
1000 2692 1245 2775 possessionem
1284 2693 1472 2775 praebenda'e
1508 2692 1663 2775 proxime

307 2822 472 2877 vacaturae
496 2813 529 2875 in
555 2812 694 2876 ecclesia
722 2813 956 2877 Lincolniensi.
1003 2813 1071 2878 Sed
1103 2815 1259 2878 dominus
1283 2813 1524 2878 Lincolniensis
1553 2814 1661 2897 ipsum

309 2933 520 2997 Fredericum
545 2935 577 2995 in
604 2935 835 2997 canonicatum
858 2937 1002 3018 recipere
1025 2954 1092 2997 non
1113 2934 1228 3010 voluit,
1247 2955 1308 2998 nec
1331 2934 1402 3016 ejus
1423 2942 1661 3017 procuratores,

310 3054 443 3117 nomine
470 3054 582 3135 ipsius,
606 3073 755 3117 asserens
782 3055 891 3137 ipsum
921 3055 1131 3119 Fredericum
1158 3056 1276 3119 eodem
1302 3065 1379 3119 actu
1409 3054 1600 3130 inhabilem,
1628 3064 1662 3120 et

309 3174 343 3237 in
372 3182 474 3238 aetate
501 3174 638 3255 juvenili
673 3174 904 3258 indispositum
934 3175 978 3239 ad
1014 3175 1160 3257 regimen
1194 3175 1388 3254 animarum,
1421 3184 1456 3240 et
1490 3176 1534 3239 ad
1567 3184 1663 3240 actus

309 3296 513 3376 pertinentes
539 3303 573 3358 et
599 3295 732 3359 debitos
759 3295 947 3378 praebendae
973 3296 1103 3360 vacanti
1129 3296 1321 3370 Lincolniae,
1345 3306 1379 3359 et
1408 3297 1516 3360 eidem
1544 3296 1662 3360 collec-

309 3417 372 3479 tori
395 3436 492 3497 papae
515 3416 547 3478 in
566 3416 692 3498 Anglia
717 3417 920 3492 Innocentio,
942 3426 976 3481 et
998 3417 1228 3481 archidiacono
1247 3416 1476 3482 Cantuariensi
1498 3417 1663 3500 rescripsit

309 3537 399 3600 idem
428 3537 583 3600 dominus
614 3537 855 3602 Lincolniensis
885 3538 1062 3621 epistolam
1093 3542 1318 3621 responsivam
1348 3538 1467 3602 litteris
1497 3558 1594 3620 papae
1628 3545 1663 3600 et

310 3656 428 3722 litteris
458 3658 605 3740 ipsorum
639 3660 859 3738 dominorum,
886 3669 920 3723 et
951 3659 1092 3743 epistola
1121 3659 1178 3723 illa
1207 3660 1399 3740 responsiva
1427 3659 1553 3722 domini
1584 3657 1663 3720 Lin-

310 3778 484 3842 colniensis
508 3780 626 3843 litteris
649 3801 747 3862 papae
775 3780 964 3844 Innocencii
987 3790 1022 3844 et
1045 3779 1279 3862 praedictorum
1303 3779 1511 3843 dominorum
1538 3778 1664 3861 incipit,

309 3900 471 3963 ‘Noverit
495 3901 653 3965 discrecio
675 3911 784 3966 vestra
815 3903 904 3983 quod
932 3901 1099 3965 mandatis
1128 3897 1339 3984 apostolicis’
1369 3909 1432 3964 etc.
1486 3898 1553 3981 Qui
1575 3899 1664 3962 enini

311 4040 398 4083 nunc
422 4031 560 4084 vocatur
587 4022 744 4087 collector
773 4043 870 4105 papae
897 4023 930 4087 in
955 4021 1082 4105 Anglia
1109 4023 1142 4085 in
1169 4032 1318 4104 tempore
1344 4020 1469 4085 domini
1496 4019 1664 4083 Lincolni-

310 4262 440 4346 scripsit
471 4263 669 4329 Innocencio
699 4266 848 4348 scriptori
879 4285 940 4328 suo
974 4265 1007 4329 in
1036 4264 1163 4347 Anglia
1196 4285 1256 4348 pro
1292 4263 1450 4347 praedicta
1479 4262 1665 4344 provisione
