3818 4904
640 445 740 500 LOCI
765 444 795 496 E
823 444 948 498 LIBRO
983 444 1244 503 VERITATUM.
1574 460 1617 523 49

261 661 425 726 lestanda.
482 659 627 724 Oxoniae
663 668 735 722 tum
770 661 889 723 eodem
925 679 1013 723 anno
1043 661 1207 742 processio
1236 663 1398 743 generalis
1431 674 1465 727 et
1499 674 1616 728 cantus

260 782 413 860 solennis,
439 803 514 847 cum
539 786 592 846 ‘te
617 782 728 845 Deum
755 780 947 857 laudamus,'
975 780 1007 843 in
1038 782 1181 846 crastino
1208 782 1344 848 Sanctae
1371 784 1484 848 Luciae
1506 784 1616 864 fiebat,

261 911 296 967 et
320 903 426 967 eciam
452 923 559 966 sermo
585 902 737 984 publicus
764 901 859 963 unius
884 900 1010 982 antiqui
1037 901 1194 985 theologi,
1221 904 1272 967 cui
1299 905 1498 987 propicietur
1523 905 1617 968 Deus

260 1042 320 1105 pro
343 1043 404 1086 sua
426 1042 548 1105 magna
571 1020 802 1084 misericordia.
846 1020 969 1085 Amen.

347 1152 381 1219 [p.
397 1151 467 1219 425]
512 1136 672 1207 Officium
695 1140 783 1204 enim
809 1141 957 1204 dandum
984 1151 1036 1206 est
1064 1163 1129 1206 non
1157 1143 1379 1222 vendendum,
1406 1155 1440 1209 et
1467 1146 1615 1209 dandum·

261 1271 312 1329 est
342 1283 404 1345 pro
432 1263 564 1327 virtute.
614 1261 858 1343 Turpissimum
889 1271 942 1325 est
974 1262 1121 1326 officium
1150 1283 1251 1328 causa
1280 1264 1377 1328 ullius
1405 1265 1540 1329 alterius
1569 1265 1615 1329 rei

259 1384 360 1461 dare3
390 1383 480 1466 quod
506 1390 557 1446 est
587 1391 701 1446 contra
730 1379 940 1445 Oxonienses
967 1392 1119 1463 regentes
1148 1383 1214 1464 qui,
1241 1392 1279 1449 ut
1304 1383 1437 1467 puplice
1465 1394 1500 1449 et
1525 1405 1617 1468 saepe

259 1503 387 1578 dicitur,
404 1504 551 1567 vendunt
572 1503 715 1566 officium
731 1500 918 1565 bedellatus
936 1500 1000 1565 illis
1018 1523 1102 1583 quos
1123 1504 1237 1568 dicunt
1256 1503 1333 1586 eligi
1351 1505 1385 1568 in
1400 1504 1616 1584 bedellatum,

259 1633 429 1689 ettamen
452 1644 519 1687 non
545 1625 627 1686 dant
657 1642 717 1686 nec
743 1620 870 1703 eligunt
893 1621 1004 1704 plures
1030 1632 1183 1705 regentes
1207 1644 1385 1707 personam
1415 1626 1448 1689 in
1470 1625 1614 1689 officium

257 1754 395 1829 propter
416 1743 491 1820 hoc,
505 1743 595 1826 quod
615 1740 717 1805 habet
741 1742 923 1805 necessaria
946 1743 990 1806 ad
1016 1742 1098 1807 illud
1121 1743 1275 1823 officium,
1290 1746 1349 1808 sed
1371 1746 1518 1809 vendunt
1541 1746 1613 1808 offi-

258 1865 355 1943 cium,
377 1875 415 1930 ut
441 1865 527 1928 novi.

345 1994 379 2061 [p.
400 1993 470 2060 426]
516 1985 572 2050 Sic
613 1983 806 2066 proficiebat
843 1983 877 2045 in
915 1982 1051 2059 malum,
1085 1983 1210 2065 judicio
1247 1984 1401 2065 plurium,
1439 1985 1613 2067 episcopus

258 2106 464 2189 Reginaldus
487 2104 604 2182 Pecok,
631 2113 665 2168 et
691 2105 740 2166 sui
767 2101 927 2185 discipuli,
950 2104 1006 2185 qui
1037 2105 1144 2185 primo
1174 2105 1401 2186 praedicabant
1429 2105 1615 2170 Londoniis

256 2226 347 2310 quod
377 2225 532 2310 episcopi,
562 2225 596 2288 in
624 2223 689 2288 hoc
724 2224 814 2306 quod
845 2224 990 2307 episcopi
1020 2234 1107 2302 sunt,
1140 2244 1207 2287 non
1239 2233 1394 2288 tenentur
1423 2225 1611 2307 predicare,

256 2356 292 2413 et
313 2356 430 2431 postea
452 2345 713 2429 praedicaverunt
734 2344 789 2420 ibi,
806 2345 896 2426 quod
919 2345 1008 2408 dicta
1030 2344 1230 2409 Sanctorum
1252 2345 1412 2426 Jeronimi
1428 2354 1461 2410 et
1475 2345 1612 2429 Augus·

256 2467 317 2533 tini
341 2478 375 2532 et
397 2467 536 2531 aliorum
559 2487 626 2529 non
647 2475 725 2530 sunt
747 2466 920 2543 credenda,
944 2465 1004 2527 nisi
1027 2464 1111 2528 sicut
1134 2465 1224 2529 dicta
1247 2462 1300 2529 vel
1325 2467 1448 2548 scripta
1470 2465 1611 2529 aliorum

255 2587 429 2652 hominum
451 2587 625 2665 viatorum,
648 2595 682 2650 et
705 2595 776 2649 tum
801 2586 926 2651 Sancto

346 2727 373 2773 1.
397 2708 462 2772 Dei
486 2707 612 2791 Spiritu
635 2707 783 2790 inspirati
806 2706 906 2770 locuti
929 2715 1006 2771 sunt
1028 2715 1063 2770 et
1084 2705 1295 2789 scripserunt.

344 2846 373 2894 2.
404 2829 499 2907 Item,
523 2828 682 2910 majorem
706 2828 771 2891 Dei
797 2826 951 2910 graciam,
974 2827 994 2888 i.
1012 2847 1038 2893 e.
1062 2828 1197 2903 donum,
1221 2836 1255 2891 et
1277 2825 1437 2909 majorem
1459 2824 1609 2909 specula-

254 2950 383 3014 cionem
406 2949 592 3013 habuerunt
612 2969 713 3033 quam
735 2947 791 3011 alii
815 2948 925 3029 plures
947 2947 1099 3012 viatores.

342 3089 373 3155 3.
397 3070 494 3147 Item,
517 3068 677 3151 majorem
700 3069 945 3151 experienciam
968 3077 1004 3132 et
1024 3067 1209 3151 longiorem
1232 3088 1335 3151 quam
1358 3066 1413 3132 alii
1436 3066 1555 3150 plures.

340 3208 373 3268 4.
404 3191 501 3264 Item,
524 3191 552 3253 si
583 3210 652 3253 rem
682 3189 843 3271 grandem
873 3188 999 3252 diceret
1029 3189 1090 3253 tibi
1116 3188 1193 3253 talis
1222 3188 1387 3272 propheta
1414 3188 1490 3265 Dei,
1517 3198 1611 3255 certe

254 3311 362 3376 facere
384 3312 556 3387 debueras,
579 3321 617 3375 ut
639 3311 766 3374 dictum
792 3309 855 3373 luit
878 3310 1032 3374 Naaman
1060 3308 1138 3374 Ciro
1159 3316 1196 3389 4⁰
1220 3311 1363 3393 Regum.
1478 3394 1483 3403 Ι

341 3444 373 3513 5.
397 3432 494 3506 Item,
517 3432 607 3496 dicta
635 3428 749 3495 eorum
775 3431 865 3513 apud
887 3431 1043 3514 antiquos
1069 3438 1180 3513 patres
1209 3430 1405 3494 dicebantur
1429 3431 1605 3505 autentica,

253 3554 274 3617 i.
286 3574 315 3616 e.
346 3552 541 3617 credulitate
569 3553 678 3635 digna,
702 3560 738 3616 ut
769 3551 850 3616 dicit
878 3550 1020 3615 Lincoln
1049 3571 1149 3633 super
1177 3550 1359 3634 capitulum
1388 3549 1532 3632 primum
1561 3550 1605 3613 ad

254 3674 437 3739 Romanos.

341 3791 372 3857 6.
400 3795 495 3873 Item,
521 3795 638 3859 beatus
663 3792 873 3876 Augustinus
899 3793 945 3858 ad
970 3792 1200 3876 inquisiciones
1225 3792 1373 3873 Januarii
1403 3789 1491 3868 dicit,
1514 3791 1604 3872 quod

252 3914 325 3997 ipse
346 3917 475 3998 accepit
490 3935 683 3998 responsum
697 3915 787 3978 beati
805 3913 977 3978 Ambrosii
999 3915 1084 3979 sicut
1103 3913 1271 3978 oraculum
1288 3911 1431 3988 coeleste,
1447 3912 1504 3974 i.e.
1520 3912 1605 3974 sicut

251 4054 446 4119 responsum
464 4035 622 4114 coeleste3
645 4036 708 4120 ipsi
731 4037 819 4100 enim
834 4036 940 4100 sancti
959 4035 1111 4099 doctores
1132 4042 1227 4098 erant
1247 4033 1499 4116 propinquiores
1520 4030 1606 4097 fonti

251 4155 432 4239 sapientiae,
466 4157 545 4238 Jesu
575 4157 656 4236 Xto,
686 4177 745 4241 per
773 4165 922 4222 sanctam
959 4176 1073 4220 eorum
1101 4157 1213 4231 vitam,
1244 4164 1279 4219 et
1312 4153 1377 4217 Dei
1410 4153 1605 4236 recipientes

251 4277 499 4344 revelacionem.
553 4279 647 4348 Nota
681 4280 767 4344 bene
804 4278 975 4343 dominum
1012 4278 1162 4357 Lincoln,
1200 4277 1234 4340 in
1269 4296 1369 4357 opere
1405 4295 1466 4339 suo
1504 4293 1604 4357 super

912 4397 937 4445 11
