<?xml version="1.0" encoding="UTF-8"?>
<!DOCTYPE html PUBLIC "-//W3C//DTD XHTML 1.0 Transitional//EN"
    "http://www.w3.org/TR/xhtml1/DTD/xhtml1-transitional.dtd">
<html xmlns="http://www.w3.org/1999/xhtml" xml:lang="en" lang="en">
 <head>
  <title>
</title>
<meta http-equiv="Content-Type" content="text/html;charset=utf-8" />
  <meta name='ocr-system' content='tesseract 3.04.00' />
  <meta name='ocr-capabilities' content='ocr_page ocr_carea ocr_par ocr_line ocrx_word'/>
</head>
<body>
  <div class='ocr_page' id='page_1' title='image "./locielibroverit00gascgoog/locielibroverit00gascgoog_0179.png"; bbox 0 0 3818 4904; ppageno 0'>
   <div class='ocr_carea' id='block_1_1' title="bbox 303 403 1273 485">
    <p class='ocr_par' dir='ltr' id='par_1_1' title="bbox 303 403 1273 485">
     <span class='ocr_line' id='line_1_1' title="bbox 303 403 1273 485; baseline 0.01 -20"><span class='ocrx_word' id='word_1_1' title='bbox 303 403 342 485; x_wconf 88' lang='lat'>78</span> <span class='ocrx_word' id='word_1_2' title='bbox 674 411 773 470; x_wconf 86' lang='lat' dir='ltr'><em>LOCI</em></span> <span class='ocrx_word' id='word_1_3' title='bbox 798 413 827 468; x_wconf 86' lang='lat' dir='ltr'><em>E</em></span> <span class='ocrx_word' id='word_1_4' title='bbox 857 413 980 470; x_wconf 87' lang='lat' dir='ltr'><em>LIBRO</em></span> <span class='ocrx_word' id='word_1_5' title='bbox 1016 413 1273 475; x_wconf 73' lang='lat' dir='ltr'><em>VERITA&#39;I&#39;UM.</em></span> 
     </span>
    </p>
   </div>
   <div class='ocr_carea' id='block_1_2' title="bbox 264 625 1671 2999">
    <p class='ocr_par' dir='ltr' id='par_1_2' title="bbox 264 625 1671 2999">
     <span class='ocr_line' id='line_1_2' title="bbox 299 625 1648 714; baseline 0.007 -22"><span class='ocrx_word' id='word_1_6' title='bbox 299 650 357 711; x_wconf 95' lang='lat' dir='ltr'>pro</span> <span class='ocrx_word' id='word_1_7' title='bbox 381 639 517 712; x_wconf 88' lang='lat' dir='ltr'>peccato</span> <span class='ocrx_word' id='word_1_8' title='bbox 544 640 576 693; x_wconf 90' lang='lat' dir='ltr'>et</span> <span class='ocrx_word' id='word_1_9' title='bbox 600 639 677 693; x_wconf 91' lang='lat' dir='ltr'>tunc</span> <span class='ocrx_word' id='word_1_10' title='bbox 705 625 914 692; x_wconf 86' lang='lat' dir='ltr'>curabimini&#39;</span> <span class='ocrx_word' id='word_1_11' title='bbox 968 630 1086 693; x_wconf 88' lang='lat' dir='ltr'>Redde</span> <span class='ocrx_word' id='word_1_12' title='bbox 1114 650 1192 714; x_wconf 87' lang='lat' dir='ltr'>ergo</span> <span class='ocrx_word' id='word_1_13' title='bbox 1214 634 1304 713; x_wconf 92' lang='lat' dir='ltr'>quod</span> <span class='ocrx_word' id='word_1_14' title='bbox 1332 634 1441 713; x_wconf 92' lang='lat' dir='ltr'>debes,</span> <span class='ocrx_word' id='word_1_15' title='bbox 1466 634 1585 700; x_wconf 79' lang='lat' dir='ltr'>affectu</span> <span class='ocrx_word' id='word_1_16' title='bbox 1613 645 1648 702; x_wconf 86' lang='lat' dir='ltr'>et</span> 
     </span>
     <span class='ocr_line' id='line_1_3' title="bbox 299 749 1647 832; baseline 0.006 -18"><span class='ocrx_word' id='word_1_17' title='bbox 299 750 426 828; x_wconf 87' lang='lat' dir='ltr'>effectu,</span> <span class='ocrx_word' id='word_1_18' title='bbox 453 761 486 814; x_wconf 90' lang='lat' dir='ltr'>et</span> <span class='ocrx_word' id='word_1_19' title='bbox 513 752 538 813; x_wconf 92' lang='lat' dir='ltr'>si</span> <span class='ocrx_word' id='word_1_20' title='bbox 571 770 635 814; x_wconf 92' lang='lat' dir='ltr'>non</span> <span class='ocrx_word' id='word_1_21' title='bbox 666 760 759 832; x_wconf 92' lang='lat' dir='ltr'>potes</span> <span class='ocrx_word' id='word_1_22' title='bbox 786 750 913 826; x_wconf 80' lang='lat' dir='ltr'>effectu,</span> <span class='ocrx_word' id='word_1_23' title='bbox 943 749 1063 813; x_wconf 83' lang='lat' dir='ltr'>affectu</span> <span class='ocrx_word' id='word_1_24' title='bbox 1094 753 1236 831; x_wconf 87' lang='lat' dir='ltr'>restitue,</span> <span class='ocrx_word' id='word_1_25' title='bbox 1260 763 1292 818; x_wconf 92' lang='lat' dir='ltr'>et</span> <span class='ocrx_word' id='word_1_26' title='bbox 1324 754 1439 831; x_wconf 89' lang='lat' dir='ltr'>clama,</span> <span class='ocrx_word' id='word_1_27' title='bbox 1465 758 1647 822; x_wconf 84' lang='lat' dir='ltr'>‘Dominel</span> 
     </span>
     <span class='ocr_line' id='line_1_4' title="bbox 299 870 1647 957; baseline 0.004 -21"><span class='ocrx_word' id='word_1_28' title='bbox 299 872 461 937; x_wconf 86' lang='lat' dir='ltr'>Dominel</span> <span class='ocrx_word' id='word_1_29' title='bbox 495 872 626 953; x_wconf 90' lang='lat' dir='ltr'>copiosa</span> <span class='ocrx_word' id='word_1_30' title='bbox 648 871 843 952; x_wconf 69' lang='lat' dir='ltr'>redemptio</span> <span class='ocrx_word' id='word_1_31' title='bbox 864 870 954 934; x_wconf 91' lang='lat' dir='ltr'>solve</span> <span class='ocrx_word' id='word_1_32' title='bbox 979 891 1038 951; x_wconf 92' lang='lat' dir='ltr'>pro</span> <span class='ocrx_word' id='word_1_33' title='bbox 1061 892 1121 948; x_wconf 90' lang='lat' dir='ltr'>me,</span> <span class='ocrx_word' id='word_1_34' title='bbox 1144 883 1178 936; x_wconf 91' lang='lat' dir='ltr'>et</span> <span class='ocrx_word' id='word_1_35' title='bbox 1198 874 1340 938; x_wconf 84' lang='lat' dir='ltr'>retribue</span> <span class='ocrx_word' id='word_1_36' title='bbox 1365 895 1424 957; x_wconf 94' lang='lat' dir='ltr'>pro</span> <span class='ocrx_word' id='word_1_37' title='bbox 1445 874 1533 940; x_wconf 85' lang='lat' dir='ltr'>mel’</span> <span class='ocrx_word' id='word_1_38' title='bbox 1579 877 1647 942; x_wconf 89' lang='lat' dir='ltr'>Sed</span> 
     </span>
     <span class='ocr_line' id='line_1_5' title="bbox 300 989 1647 1079; baseline 0.004 -23"><span class='ocrx_word' id='word_1_39' title='bbox 300 1000 366 1056; x_wconf 86' lang='lat' dir='ltr'>‘vae</span> <span class='ocrx_word' id='word_1_40' title='bbox 385 994 447 1057; x_wconf 93' lang='lat' dir='ltr'>illis</span> <span class='ocrx_word' id='word_1_41' title='bbox 459 993 479 1056; x_wconf 87' lang='lat'>!&#39;</span> <span class='ocrx_word' id='word_1_42' title='bbox 502 993 581 1056; x_wconf 87' lang='lat' dir='ltr'>dicit</span> <span class='ocrx_word' id='word_1_43' title='bbox 598 992 769 1068; x_wconf 83' lang='lat' dir='ltr'>Dominus,</span> <span class='ocrx_word' id='word_1_44' title='bbox 784 989 895 1053; x_wconf 86' lang='lat' dir='ltr'>Ysaiae</span> <span class='ocrx_word' id='word_1_45' title='bbox 917 991 1032 1072; x_wconf 89' lang='lat' dir='ltr'>quinto</span> <span class='ocrx_word' id='word_1_46' title='bbox 1054 992 1206 1074; x_wconf 87' lang='lat' dir='ltr'>capitulo,</span> <span class='ocrx_word' id='word_1_47' title='bbox 1223 996 1296 1076; x_wconf 87' lang='lat' dir='ltr'>‘qui</span> <span class='ocrx_word' id='word_1_48' title='bbox 1314 994 1493 1076; x_wconf 82' lang='lat' dir='ltr'>justificant</span> <span class='ocrx_word' id='word_1_49' title='bbox 1509 998 1647 1079; x_wconf 92' lang='lat' dir='ltr'>impium</span> 
     </span>
     <span class='ocr_line' id='line_1_6' title="bbox 298 1111 1647 1197; baseline 0.003 -20"><span class='ocrx_word' id='word_1_50' title='bbox 298 1135 358 1197; x_wconf 91' lang='lat' dir='ltr'>pro</span> <span class='ocrx_word' id='word_1_51' title='bbox 389 1111 595 1192; x_wconf 90' lang='lat' dir='ltr'>muneribus‚’</span> <span class='ocrx_word' id='word_1_52' title='bbox 622 1116 683 1176; x_wconf 81' lang='lat' dir='ltr'>ie.</span> <span class='ocrx_word' id='word_1_53' title='bbox 708 1113 762 1195; x_wconf 92' lang='lat' dir='ltr'>qui</span> <span class='ocrx_word' id='word_1_54' title='bbox 794 1112 906 1175; x_wconf 90' lang='lat' dir='ltr'>dicunt</span> <span class='ocrx_word' id='word_1_55' title='bbox 937 1113 1074 1194; x_wconf 92' lang='lat' dir='ltr'>impium</span> <span class='ocrx_word' id='word_1_56' title='bbox 1101 1113 1227 1194; x_wconf 86' lang='lat' dir='ltr'>justum</span> <span class='ocrx_word' id='word_1_57' title='bbox 1250 1136 1322 1179; x_wconf 88' lang='lat' dir='ltr'>esse</span> <span class='ocrx_word' id='word_1_58' title='bbox 1352 1137 1463 1180; x_wconf 89' lang='lat' dir='ltr'>coram</span> <span class='ocrx_word' id='word_1_59' title='bbox 1488 1117 1570 1195; x_wconf 88' lang='lat' dir='ltr'>Deo,</span> <span class='ocrx_word' id='word_1_60' title='bbox 1594 1123 1647 1181; x_wconf 92' lang='lat' dir='ltr'>‘et</span> 
     </span>
     <span class='ocr_line' id='line_1_7' title="bbox 297 1231 1646 1317; baseline 0.002 -20"><span class='ocrx_word' id='word_1_61' title='bbox 297 1236 354 1317; x_wconf 92' lang='lat' dir='ltr'>qui</span> <span class='ocrx_word' id='word_1_62' title='bbox 384 1235 496 1297; x_wconf 89' lang='lat' dir='ltr'>dicunt</span> <span class='ocrx_word' id='word_1_63' title='bbox 526 1234 650 1297; x_wconf 92' lang='lat' dir='ltr'>bonum</span> <span class='ocrx_word' id='word_1_64' title='bbox 677 1253 747 1295; x_wconf 91' lang='lat' dir='ltr'>esse</span> <span class='ocrx_word' id='word_1_65' title='bbox 778 1231 901 1295; x_wconf 89' lang='lat' dir='ltr'>malum</span> <span class='ocrx_word' id='word_1_66' title='bbox 932 1241 965 1294; x_wconf 94' lang='lat' dir='ltr'>et</span> <span class='ocrx_word' id='word_1_67' title='bbox 993 1231 1117 1295; x_wconf 90' lang='lat' dir='ltr'>malum</span> <span class='ocrx_word' id='word_1_68' title='bbox 1147 1231 1293 1297; x_wconf 93' lang='lat' dir='ltr'>bonum.&#39;</span> <span class='ocrx_word' id='word_1_69' title='bbox 1343 1234 1443 1300; x_wconf 88' lang='lat' dir='ltr'>Tales</span> <span class='ocrx_word' id='word_1_70' title='bbox 1469 1237 1591 1313; x_wconf 89' lang='lat' dir='ltr'>dicunt,</span> <span class='ocrx_word' id='word_1_71' title='bbox 1619 1238 1646 1301; x_wconf 94' lang='lat' dir='ltr'>si</span> 
     </span>
     <span class='ocr_line' id='line_1_8' title="bbox 297 1351 1646 1436; baseline 0.003 -19"><span class='ocrx_word' id='word_1_72' title='bbox 297 1356 450 1418; x_wconf 89' lang='lat' dir='ltr'>sacerdos</span> <span class='ocrx_word' id='word_1_73' title='bbox 475 1355 625 1417; x_wconf 90' lang='lat' dir='ltr'>absolvat</span> <span class='ocrx_word' id='word_1_74' title='bbox 652 1353 807 1416; x_wconf 83' lang='lat' dir='ltr'>vocaliter</span> <span class='ocrx_word' id='word_1_75' title='bbox 832 1351 1009 1429; x_wconf 92' lang='lat' dir='ltr'>hominem,</span> <span class='ocrx_word' id='word_1_76' title='bbox 1033 1352 1142 1416; x_wconf 92' lang='lat' dir='ltr'>salvus</span> <span class='ocrx_word' id='word_1_77' title='bbox 1172 1362 1222 1417; x_wconf 91' lang='lat' dir='ltr'>est</span> <span class='ocrx_word' id='word_1_78' title='bbox 1248 1375 1268 1416; x_wconf 90' lang='lat' dir='ltr'>a</span> <span class='ocrx_word' id='word_1_79' title='bbox 1294 1357 1446 1436; x_wconf 87' lang='lat' dir='ltr'>peccatis,</span> <span class='ocrx_word' id='word_1_80' title='bbox 1473 1364 1508 1419; x_wconf 93' lang='lat' dir='ltr'>et</span> <span class='ocrx_word' id='word_1_81' title='bbox 1532 1366 1646 1422; x_wconf 87' lang='lat' dir='ltr'>tamen</span> 
     </span>
     <span class='ocr_line' id='line_1_9' title="bbox 264 1471 1648 1560; baseline 0.001 -21"><span class='ocrx_word' id='word_1_82' title='bbox 264 1531 267 1539; x_wconf 95' lang='lat'><em>.</em></span> <span class='ocrx_word' id='word_1_83' title='bbox 297 1473 381 1538; x_wconf 85' lang='lat' dir='ltr'>sorte</span> <span class='ocrx_word' id='word_1_84' title='bbox 405 1495 469 1537; x_wconf 92' lang='lat' dir='ltr'>non</span> <span class='ocrx_word' id='word_1_85' title='bbox 493 1485 542 1538; x_wconf 91' lang='lat' dir='ltr'>est</span> <span class='ocrx_word' id='word_1_86' title='bbox 565 1471 735 1536; x_wconf 88' lang='lat' dir='ltr'>absolutus</span> <span class='ocrx_word' id='word_1_87' title='bbox 757 1493 776 1536; x_wconf 86' lang='lat' dir='ltr'>a</span> <span class='ocrx_word' id='word_1_88' title='bbox 800 1472 882 1548; x_wconf 86' lang='lat' dir='ltr'>De0,</span> <span class='ocrx_word' id='word_1_89' title='bbox 906 1473 984 1553; x_wconf 90' lang='lat' dir='ltr'>quia</span> <span class='ocrx_word' id='word_1_90' title='bbox 1008 1473 1198 1536; x_wconf 92' lang='lat' dir='ltr'>nonhabet</span> <span class='ocrx_word' id='word_1_91' title='bbox 1223 1475 1378 1556; x_wconf 88' lang='lat' dir='ltr'>requisita</span> <span class='ocrx_word' id='word_1_92' title='bbox 1405 1477 1448 1539; x_wconf 92' lang='lat' dir='ltr'>ad</span> <span class='ocrx_word' id='word_1_93' title='bbox 1473 1475 1544 1555; x_wconf 91' lang='lat' dir='ltr'>hoc,</span> <span class='ocrx_word' id='word_1_94' title='bbox 1568 1479 1648 1560; x_wconf 91' lang='lat' dir='ltr'>quia</span> 
     </span>
     <span class='ocr_line' id='line_1_10' title="bbox 297 1591 1647 1678; baseline 0.001 -20"><span class='ocrx_word' id='word_1_95' title='bbox 297 1594 390 1658; x_wconf 91' lang='lat' dir='ltr'>Deus</span> <span class='ocrx_word' id='word_1_96' title='bbox 416 1596 530 1678; x_wconf 86' lang='lat' dir='ltr'><strong>pocius</strong></span> <span class='ocrx_word' id='word_1_97' title='bbox 557 1593 673 1675; x_wconf 84' lang='lat' dir='ltr'>quaerit</span> <span class='ocrx_word' id='word_1_98' title='bbox 700 1593 802 1656; x_wconf 88' lang='lat' dir='ltr'>vitam</span> <span class='ocrx_word' id='word_1_99' title='bbox 829 1591 1031 1675; x_wconf 90' lang='lat' dir='ltr'>spiritualem</span> <span class='ocrx_word' id='word_1_100' title='bbox 1058 1614 1078 1656; x_wconf 94' lang='lat' dir='ltr'>a</span> <span class='ocrx_word' id='word_1_101' title='bbox 1109 1594 1292 1674; x_wconf 87' lang='lat' dir='ltr'>poenitente</span> <span class='ocrx_word' id='word_1_102' title='bbox 1318 1604 1353 1659; x_wconf 93' lang='lat' dir='ltr'>et</span> <span class='ocrx_word' id='word_1_103' title='bbox 1379 1596 1500 1659; x_wconf 87' lang='lat' dir='ltr'>bonam</span> <span class='ocrx_word' id='word_1_104' title='bbox 1530 1597 1647 1660; x_wconf 92' lang='lat' dir='ltr'>volun·</span> 
     </span>
     <span class='ocr_line' id='line_1_11' title="bbox 296 1713 1647 1797; baseline 0.002 -18"><span class='ocrx_word' id='word_1_105' title='bbox 296 1726 399 1779; x_wconf 87' lang='lat' dir='ltr'>tatem</span> <span class='ocrx_word' id='word_1_106' title='bbox 437 1735 537 1797; x_wconf 85' lang='lat' dir='ltr'>quam</span> <span class='ocrx_word' id='word_1_107' title='bbox 571 1714 772 1777; x_wconf 85' lang='lat' dir='ltr'>sentenciam</span> <span class='ocrx_word' id='word_1_108' title='bbox 813 1713 1002 1788; x_wconf 89' lang='lat' dir='ltr'>sacerdotis,</span> <span class='ocrx_word' id='word_1_109' title='bbox 1032 1723 1069 1776; x_wconf 92' lang='lat' dir='ltr'>ut</span> <span class='ocrx_word' id='word_1_110' title='bbox 1106 1722 1249 1777; x_wconf 87' lang='lat' dir='ltr'>testatur</span> <span class='ocrx_word' id='word_1_111' title='bbox 1279 1714 1423 1779; x_wconf 88' lang='lat' dir='ltr'>Sanctus</span> <span class='ocrx_word' id='word_1_112' title='bbox 1458 1716 1647 1797; x_wconf 86' lang='lat' dir='ltr'>Jeronimus</span> 
     </span>
     <span class='ocr_line' id='line_1_12' title="bbox 295 1834 1646 1917; baseline 0.003 -19"><span class='ocrx_word' id='word_1_113' title='bbox 295 1857 393 1917; x_wconf 85' lang='lat' dir='ltr'>super</span> <span class='ocrx_word' id='word_1_114' title='bbox 416 1835 598 1910; x_wconf 88' lang='lat' dir='ltr'>Matheum,</span> <span class='ocrx_word' id='word_1_115' title='bbox 624 1834 768 1916; x_wconf 91' lang='lat' dir='ltr'>capitulo</span> <span class='ocrx_word' id='word_1_116' title='bbox 791 1844 889 1896; x_wconf 87' lang='lat' dir='ltr'>sexto</span> <span class='ocrx_word' id='word_1_117' title='bbox 914 1834 1063 1897; x_wconf 88' lang='lat' dir='ltr'>decimo:</span> <span class='ocrx_word' id='word_1_118' title='bbox 1094 1835 1261 1898; x_wconf 88' lang='lat' dir='ltr'>sentencia</span> <span class='ocrx_word' id='word_1_119' title='bbox 1288 1837 1376 1898; x_wconf 93' lang='lat' dir='ltr'>enim</span> <span class='ocrx_word' id='word_1_120' title='bbox 1404 1837 1586 1901; x_wconf 88' lang='lat' dir='ltr'>sacerdotis</span> <span class='ocrx_word' id='word_1_121' title='bbox 1612 1839 1646 1902; x_wconf 91' lang='lat' dir='ltr'>in</span> 
     </span>
     <span class='ocr_line' id='line_1_13' title="bbox 295 1954 1647 2040; baseline 0.003 -21"><span class='ocrx_word' id='word_1_122' title='bbox 295 1957 497 2019; x_wconf 90' lang='lat' dir='ltr'>absolvendo</span> <span class='ocrx_word' id='word_1_123' title='bbox 528 1956 707 2037; x_wconf 86' lang='lat' dir='ltr'>requiritur,</span> <span class='ocrx_word' id='word_1_124' title='bbox 737 1955 764 2016; x_wconf 93' lang='lat' dir='ltr'>si</span> <span class='ocrx_word' id='word_1_125' title='bbox 797 1955 877 2017; x_wconf 88' lang='lat' dir='ltr'>assit</span> <span class='ocrx_word' id='word_1_126' title='bbox 907 1954 1054 2031; x_wconf 73' lang='lat' dir='ltr'>facultas,</span> <span class='ocrx_word' id='word_1_127' title='bbox 1085 1964 1135 2017; x_wconf 88' lang='lat' dir='ltr'>set</span> <span class='ocrx_word' id='word_1_128' title='bbox 1169 1956 1275 2036; x_wconf 87' lang='lat' dir='ltr'>magis</span> <span class='ocrx_word' id='word_1_129' title='bbox 1307 1957 1514 2038; x_wconf 87' lang='lat' dir='ltr'>requiruntur</span> <span class='ocrx_word' id='word_1_130' title='bbox 1545 1978 1647 2040; x_wconf 89' lang='lat' dir='ltr'>opera</span> 
     </span>
     <span class='ocr_line' id='line_1_14' title="bbox 295 2073 1645 2160; baseline 0.001 -21"><span class='ocrx_word' id='word_1_131' title='bbox 295 2097 352 2140; x_wconf 91' lang='lat' dir='ltr'>seu</span> <span class='ocrx_word' id='word_1_132' title='bbox 377 2088 478 2155; x_wconf 68' lang='lat' dir='ltr'>actus</span> <span class='ocrx_word' id='word_1_133' title='bbox 499 2077 569 2140; x_wconf 90' lang='lat' dir='ltr'>sine</span> <span class='ocrx_word' id='word_1_134' title='bbox 594 2076 711 2157; x_wconf 94' lang='lat' dir='ltr'>quibus</span> <span class='ocrx_word' id='word_1_135' title='bbox 733 2074 833 2152; x_wconf 91' lang='lat' dir='ltr'>Deus,</span> <span class='ocrx_word' id='word_1_136' title='bbox 856 2073 1042 2157; x_wconf 92' lang='lat' dir='ltr'>principalis</span> <span class='ocrx_word' id='word_1_137' title='bbox 1062 2073 1231 2138; x_wconf 89' lang='lat' dir='ltr'>absolutor</span> <span class='ocrx_word' id='word_1_138' title='bbox 1254 2074 1360 2158; x_wconf 85' lang='lat' dir='ltr'>culpae</span> <span class='ocrx_word' id='word_1_139' title='bbox 1384 2086 1419 2140; x_wconf 86' lang='lat' dir='ltr'>et</span> <span class='ocrx_word' id='word_1_140' title='bbox 1441 2098 1559 2160; x_wconf 76' lang='lat' dir='ltr'>prenae,</span> <span class='ocrx_word' id='word_1_141' title='bbox 1579 2099 1645 2141; x_wconf 90' lang='lat' dir='ltr'>non</span> 
     </span>
     <span class='ocr_line' id='line_1_15' title="bbox 291 2194 1671 2279; baseline 0.001 -20"><span class='ocrx_word' id='word_1_142' title='bbox 291 2196 452 2279; x_wconf 88' lang='lat' dir='ltr'>justificat</span> <span class='ocrx_word' id='word_1_143' title='bbox 477 2197 638 2279; x_wconf 89' lang='lat' dir='ltr'>impium;</span> <span class='ocrx_word' id='word_1_144' title='bbox 669 2194 758 2258; x_wconf 91' lang='lat' dir='ltr'>solus</span> <span class='ocrx_word' id='word_1_145' title='bbox 780 2195 867 2257; x_wconf 92' lang='lat' dir='ltr'>enim</span> <span class='ocrx_word' id='word_1_146' title='bbox 896 2194 996 2272; x_wconf 90' lang='lat' dir='ltr'>Deus,</span> <span class='ocrx_word' id='word_1_147' title='bbox 1022 2195 1078 2278; x_wconf 91' lang='lat' dir='ltr'>qui</span> <span class='ocrx_word' id='word_1_148' title='bbox 1106 2194 1182 2259; x_wconf 85' lang='lat' dir='ltr'>lecit</span> <span class='ocrx_word' id='word_1_149' title='bbox 1208 2197 1364 2272; x_wconf 90' lang='lat' dir='ltr'>animum,</span> <span class='ocrx_word' id='word_1_150' title='bbox 1389 2196 1549 2278; x_wconf 90' lang='lat' dir='ltr'>justificat</span> <span class='ocrx_word' id='word_1_151' title='bbox 1574 2199 1644 2262; x_wconf 91' lang='lat' dir='ltr'>ani·</span> <span class='ocrx_word' id='word_1_152' title='bbox 1667 2218 1671 2222; x_wconf 70' lang='grc'>’</span> 
     </span>
     <span class='ocr_line' id='line_1_16' title="bbox 294 2313 1645 2398; baseline 0.001 -18"><span class='ocrx_word' id='word_1_153' title='bbox 294 2338 394 2396; x_wconf 94' lang='lat' dir='ltr'>mum,</span> <span class='ocrx_word' id='word_1_154' title='bbox 425 2327 461 2380; x_wconf 89' lang='lat' dir='ltr'>ut</span> <span class='ocrx_word' id='word_1_155' title='bbox 496 2326 637 2381; x_wconf 87' lang='lat' dir='ltr'>testatur</span> <span class='ocrx_word' id='word_1_156' title='bbox 667 2315 808 2378; x_wconf 92' lang='lat' dir='ltr'>Sanctus</span> <span class='ocrx_word' id='word_1_157' title='bbox 838 2313 1054 2397; x_wconf 88' lang='lat' dir='ltr'>Augustinus,</span> <span class='ocrx_word' id='word_1_158' title='bbox 1086 2315 1169 2378; x_wconf 94' lang='lat' dir='ltr'>libro</span> <span class='ocrx_word' id='word_1_159' title='bbox 1206 2336 1266 2378; x_wconf 95' lang='lat' dir='ltr'>suo</span> <span class='ocrx_word' id='word_1_160' title='bbox 1296 2315 1356 2398; x_wconf 84' lang='lat' dir='ltr'>iij0,</span> <span class='ocrx_word' id='word_1_161' title='bbox 1386 2325 1501 2380; x_wconf 90' lang='lat' dir='ltr'>contra</span> <span class='ocrx_word' id='word_1_162' title='bbox 1533 2319 1645 2382; x_wconf 93' lang='lat' dir='ltr'>omnia</span> 
     </span>
     <span class='ocr_line' id='line_1_17' title="bbox 293 2434 1643 2521; baseline -0.001 -19"><span class='ocrx_word' id='word_1_163' title='bbox 293 2459 393 2521; x_wconf 91' lang='lat' dir='ltr'>opera</span> <span class='ocrx_word' id='word_1_164' title='bbox 431 2437 589 2512; x_wconf 89' lang='lat' dir='ltr'>Petiliani,</span> <span class='ocrx_word' id='word_1_165' title='bbox 623 2435 766 2518; x_wconf 92' lang='lat' dir='ltr'>episcopi</span> <span class='ocrx_word' id='word_1_166' title='bbox 802 2434 1063 2498; x_wconf 88' lang='lat' dir='ltr'>Donatistarum.</span> <span class='ocrx_word' id='word_1_167' title='bbox 1121 2435 1152 2500; x_wconf 93' lang='grc' dir='ltr'>Ο</span> <span class='ocrx_word' id='word_1_168' title='bbox 1189 2456 1291 2518; x_wconf 88' lang='lat' dir='ltr'>quam</span> <span class='ocrx_word' id='word_1_169' title='bbox 1328 2435 1408 2500; x_wconf 85' lang='lat' dir='ltr'>latui</span> <span class='ocrx_word' id='word_1_170' title='bbox 1449 2444 1547 2502; x_wconf 87' lang='lat' dir='ltr'>suntl</span> <span class='ocrx_word' id='word_1_171' title='bbox 1587 2439 1643 2521; x_wconf 93' lang='lat' dir='ltr'>qui</span> 
     </span>
     <span class='ocr_line' id='line_1_18' title="bbox 293 2555 1645 2641; baseline 0.001 -20"><span class='ocrx_word' id='word_1_172' title='bbox 293 2559 416 2635; x_wconf 90' lang='lat' dir='ltr'>dicunt,</span> <span class='ocrx_word' id='word_1_173' title='bbox 431 2557 509 2621; x_wconf 91' lang='lat' dir='ltr'>Non</span> <span class='ocrx_word' id='word_1_174' title='bbox 533 2577 610 2621; x_wconf 91' lang='lat' dir='ltr'>curo</span> <span class='ocrx_word' id='word_1_175' title='bbox 631 2577 706 2637; x_wconf 83' lang='lat' dir='ltr'>quae</span> <span class='ocrx_word' id='word_1_176' title='bbox 728 2576 801 2637; x_wconf 86' lang='lat' dir='ltr'>ago,</span> <span class='ocrx_word' id='word_1_177' title='bbox 820 2555 898 2637; x_wconf 93' lang='lat' dir='ltr'>quia</span> <span class='ocrx_word' id='word_1_178' title='bbox 920 2555 946 2627; x_wconf 84' lang='lat' dir='ltr'>si</span> <span class='ocrx_word' id='word_1_179' title='bbox 970 2556 1123 2618; x_wconf 91' lang='lat' dir='ltr'>sacerdos</span> <span class='ocrx_word' id='word_1_180' title='bbox 1146 2564 1249 2637; x_wconf 88' lang='lat' dir='ltr'>ponat</span> <span class='ocrx_word' id='word_1_181' title='bbox 1272 2576 1407 2619; x_wconf 92' lang='lat' dir='ltr'>manum</span> <span class='ocrx_word' id='word_1_182' title='bbox 1430 2577 1524 2620; x_wconf 92' lang='lat' dir='ltr'>suam</span> <span class='ocrx_word' id='word_1_183' title='bbox 1547 2578 1645 2641; x_wconf 90' lang='lat' dir='ltr'>super</span> 
     </span>
     <span class='ocr_line' id='line_1_19' title="bbox 293 2673 1643 2760; baseline -0.001 -17"><span class='ocrx_word' id='word_1_184' title='bbox 293 2688 394 2760; x_wconf 92' lang='lat' dir='ltr'>caput</span> <span class='ocrx_word' id='word_1_185' title='bbox 416 2693 540 2750; x_wconf 83' lang='lat' dir='ltr'>meum,¹</span> <span class='ocrx_word' id='word_1_186' title='bbox 552 2685 586 2739; x_wconf 95' lang='lat' dir='ltr'>et</span> <span class='ocrx_word' id='word_1_187' title='bbox 607 2677 704 2753; x_wconf 88' lang='lat' dir='ltr'>dicat,</span> <span class='ocrx_word' id='word_1_188' title='bbox 721 2673 885 2738; x_wconf 86' lang='lat' dir='ltr'>‘Absolvo</span> <span class='ocrx_word' id='word_1_189' title='bbox 906 2674 956 2752; x_wconf 90' lang='lat' dir='ltr'>te‚&#39;</span> <span class='ocrx_word' id='word_1_190' title='bbox 972 2673 1081 2738; x_wconf 87' lang='lat' dir='ltr'>salvus</span> <span class='ocrx_word' id='word_1_191' title='bbox 1104 2695 1169 2752; x_wconf 86' lang='lat' dir='ltr'>ero,</span> <span class='ocrx_word' id='word_1_192' title='bbox 1185 2685 1218 2738; x_wconf 90' lang='lat' dir='ltr'>et</span> <span class='ocrx_word' id='word_1_193' title='bbox 1238 2676 1284 2740; x_wconf 91' lang='lat' dir='ltr'>ita</span> <span class='ocrx_word' id='word_1_194' title='bbox 1306 2678 1456 2754; x_wconf 91' lang='lat' dir='ltr'>mundus,</span> <span class='ocrx_word' id='word_1_195' title='bbox 1473 2678 1558 2742; x_wconf 93' lang='lat' dir='ltr'>sicut</span> <span class='ocrx_word' id='word_1_196' title='bbox 1579 2680 1643 2743; x_wconf 90' lang='lat' dir='ltr'>cati</span> 
     </span>
     <span class='ocr_line' id='line_1_20' title="bbox 294 2794 1644 2891; baseline -0.001 -29"><span class='ocrx_word' id='word_1_197' title='bbox 294 2820 348 2862; x_wconf 87' lang='lat' dir='ltr'>me</span> <span class='ocrx_word' id='word_1_198' title='bbox 375 2798 565 2862; x_wconf 87' lang='lat' dir='ltr'>lamberent.</span> <span class='ocrx_word' id='word_1_199' title='bbox 612 2796 658 2858; x_wconf 91' lang='lat' dir='ltr'>Et</span> <span class='ocrx_word' id='word_1_200' title='bbox 684 2814 784 2877; x_wconf 92' lang='lat' dir='ltr'>quam</span> <span class='ocrx_word' id='word_1_201' title='bbox 813 2795 905 2857; x_wconf 93' lang='lat' dir='ltr'>stulti</span> <span class='ocrx_word' id='word_1_202' title='bbox 929 2803 962 2857; x_wconf 92' lang='lat' dir='ltr'>et</span> <span class='ocrx_word' id='word_1_203' title='bbox 989 2804 1134 2858; x_wconf 89' lang='lat' dir='ltr'>errantes</span> <span class='ocrx_word' id='word_1_204' title='bbox 1159 2803 1237 2858; x_wconf 92' lang='lat' dir='ltr'>sunt</span> <span class='ocrx_word' id='word_1_205' title='bbox 1262 2794 1353 2891; x_wconf 84' lang='lat' dir='ltr'>tales,</span> <span class='ocrx_word' id='word_1_206' title='bbox 1377 2797 1454 2879; x_wconf 94' lang='lat' dir='ltr'>quia</span> <span class='ocrx_word' id='word_1_207' title='bbox 1481 2797 1539 2861; x_wconf 91' lang='lat' dir='ltr'>tali</span> <span class='ocrx_word' id='word_1_208' title='bbox 1564 2796 1644 2862; x_wconf 83' lang='lat' dir='ltr'>iaci·</span> 
     </span>
     <span class='ocr_line' id='line_1_21' title="bbox 292 2914 1645 2999; baseline -0.001 -17"><span class='ocrx_word' id='word_1_209' title='bbox 292 2918 387 2983; x_wconf 90' lang='lat' dir='ltr'>litate</span> <span class='ocrx_word' id='word_1_210' title='bbox 410 2919 549 2999; x_wconf 90' lang='lat' dir='ltr'>decepti,</span> <span class='ocrx_word' id='word_1_211' title='bbox 572 2917 692 2994; x_wconf 87' lang='lat' dir='ltr'>dicunt,</span> <span class='ocrx_word' id='word_1_212' title='bbox 716 2915 793 2979; x_wconf 91' lang='lat' dir='ltr'>Non</span> <span class='ocrx_word' id='word_1_213' title='bbox 817 2935 895 2978; x_wconf 90' lang='lat' dir='ltr'>curo</span> <span class='ocrx_word' id='word_1_214' title='bbox 918 2935 994 2997; x_wconf 85' lang='lat' dir='ltr'>quae</span> <span class='ocrx_word' id='word_1_215' title='bbox 1020 2914 1109 2978; x_wconf 92' lang='lat' dir='ltr'>mala</span> <span class='ocrx_word' id='word_1_216' title='bbox 1135 2914 1229 2993; x_wconf 84' lang='lat' dir='ltr'>saci0,</span> <span class='ocrx_word' id='word_1_217' title='bbox 1253 2916 1331 2998; x_wconf 90' lang='lat' dir='ltr'>quia</span> <span class='ocrx_word' id='word_1_218' title='bbox 1357 2916 1423 2980; x_wconf 88' lang='lat' dir='ltr'>cito</span> <span class='ocrx_word' id='word_1_219' title='bbox 1449 2926 1483 2981; x_wconf 91' lang='lat' dir='ltr'>et</span> <span class='ocrx_word' id='word_1_220' title='bbox 1506 2917 1645 2982; x_wconf 79' lang='lat' dir='ltr'>faciliter</span> 
     </span>
    </p>
   </div>
   <div class='ocr_carea' id='block_1_3' title="bbox 292 3017 1643 3120">
    <p class='ocr_par' dir='ltr' id='par_1_3' title="bbox 292 3017 1643 3120">
     <span class='ocr_line' id='line_1_22' title="bbox 292 3017 1643 3120; baseline 0.001 -18"><span class='ocrx_word' id='word_1_221' title='bbox 292 3040 423 3103; x_wconf 87' lang='lat' dir='ltr'>veniam</span> <span class='ocrx_word' id='word_1_222' title='bbox 457 3037 562 3120; x_wconf 86' lang='lat' dir='ltr'>culpae</span> <span class='ocrx_word' id='word_1_223' title='bbox 592 3046 626 3101; x_wconf 93' lang='lat' dir='ltr'>et</span> <span class='ocrx_word' id='word_1_224' title='bbox 655 3057 764 3120; x_wconf 86' lang='lat' dir='ltr'>poenae</span> <span class='ocrx_word' id='word_1_225' title='bbox 796 3017 945 3100; x_wconf 85' lang='lat' dir='ltr'>habebol</span> <span class='ocrx_word' id='word_1_226' title='bbox 997 3034 1120 3114; x_wconf 88' lang='lat' dir='ltr'>Sciant,</span> <span class='ocrx_word' id='word_1_227' title='bbox 1142 3035 1257 3114; x_wconf 87' lang='lat' dir='ltr'>sciant,</span> <span class='ocrx_word' id='word_1_228' title='bbox 1286 3037 1377 3118; x_wconf 92' lang='lat' dir='ltr'>quod</span> <span class='ocrx_word' id='word_1_229' title='bbox 1407 3036 1440 3101; x_wconf 93' lang='lat' dir='ltr'>in</span> <span class='ocrx_word' id='word_1_230' title='bbox 1470 3037 1643 3104; x_wconf 90' lang='lat' dir='ltr'>voluntate</span> 
     </span>
    </p>
   </div>
   <div class='ocr_carea' id='block_1_4' title="bbox 288 3154 1644 4326">
    <p class='ocr_par' dir='ltr' id='par_1_4' title="bbox 288 3154 1644 4326">
     <span class='ocr_line' id='line_1_23' title="bbox 293 3154 1643 3254; baseline 0 -31"><span class='ocrx_word' id='word_1_231' title='bbox 293 3159 358 3254; x_wconf 80' lang='lat' dir='ltr'>Dei</span> <span class='ocrx_word' id='word_1_232' title='bbox 388 3159 538 3223; x_wconf 91' lang='lat' dir='ltr'>consistit</span> <span class='ocrx_word' id='word_1_233' title='bbox 566 3178 610 3222; x_wconf 92' lang='lat' dir='ltr'>an</span> <span class='ocrx_word' id='word_1_234' title='bbox 643 3156 723 3221; x_wconf 90' lang='lat' dir='ltr'>salvi</span> <span class='ocrx_word' id='word_1_235' title='bbox 755 3164 859 3233; x_wconf 88' lang='lat' dir='ltr'>erunt,</span> <span class='ocrx_word' id='word_1_236' title='bbox 889 3175 933 3219; x_wconf 90' lang='lat' dir='ltr'>an</span> <span class='ocrx_word' id='word_1_237' title='bbox 964 3175 1039 3219; x_wconf 91' lang='lat' dir='ltr'>non.</span> <span class='ocrx_word' id='word_1_238' title='bbox 1092 3154 1165 3220; x_wconf 91' lang='lat' dir='ltr'>Nec</span> <span class='ocrx_word' id='word_1_239' title='bbox 1195 3165 1246 3220; x_wconf 91' lang='lat' dir='ltr'>est</span> <span class='ocrx_word' id='word_1_240' title='bbox 1277 3156 1370 3220; x_wconf 88' lang='lat' dir='ltr'>Deus</span> <span class='ocrx_word' id='word_1_241' title='bbox 1399 3165 1436 3220; x_wconf 91' lang='lat' dir='ltr'>ut</span> <span class='ocrx_word' id='word_1_242' title='bbox 1464 3155 1575 3236; x_wconf 90' lang='lat' dir='ltr'>homo,</span> <span class='ocrx_word' id='word_1_243' title='bbox 1604 3170 1643 3225; x_wconf 91' lang='lat' dir='ltr'>ut</span> 
     </span>
     <span class='ocr_line' id='line_1_24' title="bbox 292 3273 1644 3360; baseline 0.001 -18"><span class='ocrx_word' id='word_1_244' title='bbox 292 3289 447 3355; x_wconf 90' lang='lat' dir='ltr'>mutetur,</span> <span class='ocrx_word' id='word_1_245' title='bbox 464 3299 523 3342; x_wconf 92' lang='lat' dir='ltr'>nec</span> <span class='ocrx_word' id='word_1_246' title='bbox 544 3288 581 3341; x_wconf 93' lang='lat' dir='ltr'>ut</span> <span class='ocrx_word' id='word_1_247' title='bbox 601 3277 802 3360; x_wconf 88' lang='lat' dir='ltr'>decipiatur;</span> <span class='ocrx_word' id='word_1_248' title='bbox 825 3275 947 3340; x_wconf 90' lang='lat' dir='ltr'>talibus</span> <span class='ocrx_word' id='word_1_249' title='bbox 963 3275 1127 3339; x_wconf 91' lang='lat' dir='ltr'>Dominus</span> <span class='ocrx_word' id='word_1_250' title='bbox 1141 3277 1305 3359; x_wconf 70' lang='lat' dir='ltr'>praedixit,</span> <span class='ocrx_word' id='word_1_251' title='bbox 1322 3277 1400 3340; x_wconf 80' lang='lat' dir='ltr'>‘Vae</span> <span class='ocrx_word' id='word_1_252' title='bbox 1412 3273 1433 3340; x_wconf 91' lang='lat'>!&#39;</span> <span class='ocrx_word' id='word_1_253' title='bbox 1456 3277 1644 3343; x_wconf 83' lang='lat' dir='ltr'>Ezechielis</span> 
     </span>
     <span class='ocr_line' id='line_1_25' title="bbox 291 3397 1643 3484; baseline 0.001 -21"><span class='ocrx_word' id='word_1_254' title='bbox 291 3401 375 3484; x_wconf 82' lang='lat' dir='ltr'>xiij0,</span> <span class='ocrx_word' id='word_1_255' title='bbox 405 3400 501 3482; x_wconf 90' lang='lat' dir='ltr'>‘quia</span> <span class='ocrx_word' id='word_1_256' title='bbox 530 3398 740 3462; x_wconf 87' lang='lat' dir='ltr'>vivificabant</span> <span class='ocrx_word' id='word_1_257' title='bbox 770 3397 896 3461; x_wconf 89' lang='lat' dir='ltr'>animas</span> <span class='ocrx_word' id='word_1_258' title='bbox 925 3417 1000 3478; x_wconf 87' lang='lat' dir='ltr'>quae</span> <span class='ocrx_word' id='word_1_259' title='bbox 1031 3417 1096 3460; x_wconf 92' lang='lat' dir='ltr'>non</span> <span class='ocrx_word' id='word_1_260' title='bbox 1128 3397 1252 3475; x_wconf 89' lang='lat' dir='ltr'>vivunt,</span> <span class='ocrx_word' id='word_1_261' title='bbox 1283 3398 1483 3461; x_wconf 90' lang='lat' dir='ltr'>mencientes</span> <span class='ocrx_word' id='word_1_262' title='bbox 1517 3399 1643 3482; x_wconf 91' lang='lat' dir='ltr'>populo</span> 
     </span>
     <span class='ocr_line' id='line_1_26' title="bbox 290 3515 1641 3600; baseline -0.001 -16"><span class='ocrx_word' id='word_1_263' title='bbox 290 3542 376 3598; x_wconf 89' lang='lat' dir='ltr'>meo,</span> <span class='ocrx_word' id='word_1_264' title='bbox 400 3520 544 3585; x_wconf 92' lang='lat' dir='ltr'>credenti</span> <span class='ocrx_word' id='word_1_265' title='bbox 576 3519 775 3595; x_wconf 90' lang='lat' dir='ltr'>mendaciis;</span> <span class='ocrx_word' id='word_1_266' title='bbox 806 3528 840 3581; x_wconf 91' lang='lat' dir='ltr'>et</span> <span class='ocrx_word' id='word_1_267' title='bbox 870 3515 1067 3581; x_wconf 87' lang='lat' dir='ltr'>interficiunt</span> <span class='ocrx_word' id='word_1_268' title='bbox 1095 3517 1224 3581; x_wconf 86' lang='lat' dir='ltr'>animas</span> <span class='ocrx_word' id='word_1_269' title='bbox 1252 3538 1327 3600; x_wconf 88' lang='lat' dir='ltr'>quae</span> <span class='ocrx_word' id='word_1_270' title='bbox 1358 3538 1423 3581; x_wconf 92' lang='lat' dir='ltr'>non</span> <span class='ocrx_word' id='word_1_271' title='bbox 1448 3519 1641 3596; x_wconf 87' lang='lat' dir='ltr'>moriuntur,</span> 
     </span>
     <span class='ocr_line' id='line_1_27' title="bbox 290 3636 1642 3721; baseline -0.002 -16"><span class='ocrx_word' id='word_1_272' title='bbox 290 3653 324 3706; x_wconf 94' lang='lat' dir='ltr'>et</span> <span class='ocrx_word' id='word_1_273' title='bbox 342 3641 551 3706; x_wconf 88' lang='lat' dir='ltr'>vivificabant</span> <span class='ocrx_word' id='word_1_274' title='bbox 571 3641 698 3702; x_wconf 89' lang='lat' dir='ltr'>animas</span> <span class='ocrx_word' id='word_1_275' title='bbox 719 3638 832 3721; x_wconf 92' lang='lat' dir='ltr'>populi</span> <span class='ocrx_word' id='word_1_276' title='bbox 853 3638 927 3713; x_wconf 92' lang='lat' dir='ltr'>mei,</span> <span class='ocrx_word' id='word_1_277' title='bbox 946 3648 980 3701; x_wconf 93' lang='lat' dir='ltr'>et</span> <span class='ocrx_word' id='word_1_278' title='bbox 1000 3636 1169 3702; x_wconf 90' lang='lat' dir='ltr'>violabant</span> <span class='ocrx_word' id='word_1_279' title='bbox 1190 3659 1243 3701; x_wconf 91' lang='lat' dir='ltr'>me</span> <span class='ocrx_word' id='word_1_280' title='bbox 1264 3638 1311 3702; x_wconf 90' lang='lat' dir='ltr'>ad·</span> <span class='ocrx_word' id='word_1_281' title='bbox 1329 3637 1488 3720; x_wconf 92' lang='lat' dir='ltr'>populum</span> <span class='ocrx_word' id='word_1_282' title='bbox 1510 3639 1642 3704; x_wconf 62' lang='lat' dir='ltr'>meum?</span> 
     </span>
     <span class='ocr_line' id='line_1_28' title="bbox 290 3756 1641 3842; baseline -0.001 -17"><span class='ocrx_word' id='word_1_283' title='bbox 290 3761 475 3826; x_wconf 91' lang='lat' dir='ltr'>Ezechielis</span> <span class='ocrx_word' id='word_1_284' title='bbox 498 3760 572 3842; x_wconf 88' lang='lat' dir='ltr'>xiij⁰</span> <span class='ocrx_word' id='word_1_285' title='bbox 595 3759 749 3842; x_wconf 90' lang='lat' dir='ltr'>capitulo.</span> <span class='ocrx_word' id='word_1_286' title='bbox 800 3759 868 3840; x_wconf 90' lang='lat' dir='ltr'>Ipsi</span> <span class='ocrx_word' id='word_1_287' title='bbox 890 3756 1015 3820; x_wconf 90' lang='lat' dir='ltr'>violant</span> <span class='ocrx_word' id='word_1_288' title='bbox 1039 3756 1158 3836; x_wconf 91' lang='lat' dir='ltr'>Deum,</span> <span class='ocrx_word' id='word_1_289' title='bbox 1181 3758 1213 3820; x_wconf 92' lang='lat' dir='ltr'>in</span> <span class='ocrx_word' id='word_1_290' title='bbox 1236 3768 1399 3840; x_wconf 90' lang='lat' dir='ltr'>quantum</span> <span class='ocrx_word' id='word_1_291' title='bbox 1423 3759 1455 3821; x_wconf 93' lang='lat' dir='ltr'>in</span> <span class='ocrx_word' id='word_1_292' title='bbox 1478 3759 1558 3841; x_wconf 95' lang='lat' dir='ltr'>ipsis</span> <span class='ocrx_word' id='word_1_293' title='bbox 1581 3769 1641 3840; x_wconf 79' lang='lat' dir='ltr'>est,</span> 
     </span>
     <span class='ocr_line' id='line_1_29' title="bbox 288 3877 1641 3965; baseline 0 -21"><span class='ocrx_word' id='word_1_294' title='bbox 288 3883 345 3965; x_wconf 91' lang='lat' dir='ltr'>qui</span> <span class='ocrx_word' id='word_1_295' title='bbox 371 3883 486 3946; x_wconf 89' lang='lat' dir='ltr'>dicunt</span> <span class='ocrx_word' id='word_1_296' title='bbox 513 3882 624 3945; x_wconf 91' lang='lat' dir='ltr'>Deum</span> <span class='ocrx_word' id='word_1_297' title='bbox 649 3879 735 3943; x_wconf 91' lang='lat' dir='ltr'>velle</span> <span class='ocrx_word' id='word_1_298' title='bbox 765 3889 798 3942; x_wconf 91' lang='lat' dir='ltr'>et</span> <span class='ocrx_word' id='word_1_299' title='bbox 824 3879 930 3943; x_wconf 87' lang='lat' dir='ltr'>lacere</span> <span class='ocrx_word' id='word_1_300' title='bbox 956 3877 1090 3959; x_wconf 89' lang='lat' dir='ltr'>aliquid,</span> <span class='ocrx_word' id='word_1_301' title='bbox 1117 3878 1214 3960; x_wconf 91' lang='lat' dir='ltr'>quod,</span> <span class='ocrx_word' id='word_1_302' title='bbox 1241 3878 1268 3941; x_wconf 94' lang='lat' dir='ltr'>si</span> <span class='ocrx_word' id='word_1_303' title='bbox 1294 3878 1389 3942; x_wconf 90' lang='lat' dir='ltr'>Deus</span> <span class='ocrx_word' id='word_1_304' title='bbox 1414 3878 1545 3958; x_wconf 84' lang='lat' dir='ltr'>iaceret,</span> <span class='ocrx_word' id='word_1_305' title='bbox 1570 3880 1641 3945; x_wconf 92' lang='lat' dir='ltr'>vio·</span> 
     </span>
     <span class='ocr_line' id='line_1_30' title="bbox 289 3998 1639 4082; baseline 0 -19"><span class='ocrx_word' id='word_1_306' title='bbox 289 4002 376 4066; x_wconf 87' lang='lat' dir='ltr'>latus</span> <span class='ocrx_word' id='word_1_307' title='bbox 410 4011 496 4066; x_wconf 87' lang='lat' dir='ltr'>esset</span> <span class='ocrx_word' id='word_1_308' title='bbox 525 4014 558 4065; x_wconf 90' lang='lat' dir='ltr'>et</span> <span class='ocrx_word' id='word_1_309' title='bbox 588 4000 730 4065; x_wconf 91' lang='lat' dir='ltr'>violatus</span> <span class='ocrx_word' id='word_1_310' title='bbox 760 4008 975 4082; x_wconf 88' lang='lat' dir='ltr'>reputaretur,</span> <span class='ocrx_word' id='word_1_311' title='bbox 1004 3999 1082 4082; x_wconf 92' lang='lat' dir='ltr'>quia</span> <span class='ocrx_word' id='word_1_312' title='bbox 1112 4008 1192 4062; x_wconf 91' lang='lat' dir='ltr'>tunc</span> <span class='ocrx_word' id='word_1_313' title='bbox 1222 3998 1255 4062; x_wconf 91' lang='lat' dir='ltr'>in</span> <span class='ocrx_word' id='word_1_314' title='bbox 1284 4020 1320 4062; x_wconf 93' lang='lat' dir='ltr'>se</span> <span class='ocrx_word' id='word_1_315' title='bbox 1351 3998 1476 4062; x_wconf 90' lang='lat' dir='ltr'>malum</span> <span class='ocrx_word' id='word_1_316' title='bbox 1506 3999 1639 4064; x_wconf 91' lang='lat' dir='ltr'>saceret.</span> 
     </span>
     <span class='ocr_line' id='line_1_31' title="bbox 289 4119 1639 4206; baseline 0.001 -22"><span class='ocrx_word' id='word_1_317' title='bbox 289 4122 404 4206; x_wconf 88' lang='lat' dir='ltr'>Aliqui</span> <span class='ocrx_word' id='word_1_318' title='bbox 431 4123 518 4186; x_wconf 91' lang='lat' dir='ltr'>enim</span> <span class='ocrx_word' id='word_1_319' title='bbox 546 4124 683 4186; x_wconf 90' lang='lat' dir='ltr'>credunt</span> <span class='ocrx_word' id='word_1_320' title='bbox 707 4121 816 4185; x_wconf 92' lang='lat' dir='ltr'>Deum</span> <span class='ocrx_word' id='word_1_321' title='bbox 844 4121 923 4184; x_wconf 88' lang='lat' dir='ltr'>dare</span> <span class='ocrx_word' id='word_1_322' title='bbox 951 4120 1042 4203; x_wconf 91' lang='lat' dir='ltr'>quod</span> <span class='ocrx_word' id='word_1_323' title='bbox 1072 4139 1138 4184; x_wconf 92' lang='lat' dir='ltr'>non</span> <span class='ocrx_word' id='word_1_324' title='bbox 1168 4120 1320 4183; x_wconf 88' lang='lat' dir='ltr'>convenit</span> <span class='ocrx_word' id='word_1_325' title='bbox 1345 4119 1420 4184; x_wconf 91' lang='lat' dir='ltr'>Deo</span> <span class='ocrx_word' id='word_1_326' title='bbox 1442 4119 1530 4200; x_wconf 89' lang='lat' dir='ltr'>dare,</span> <span class='ocrx_word' id='word_1_327' title='bbox 1553 4121 1639 4186; x_wconf 90' lang='lat' dir='ltr'>sicut</span> 
     </span>
     <span class='ocr_line' id='line_1_32' title="bbox 288 4240 1639 4326; baseline -0.001 -18"><span class='ocrx_word' id='word_1_328' title='bbox 288 4244 419 4308; x_wconf 92' lang='lat' dir='ltr'>veniam</span> <span class='ocrx_word' id='word_1_329' title='bbox 453 4253 662 4326; x_wconf 91' lang='lat' dir='ltr'>peccatorum</span> <span class='ocrx_word' id='word_1_330' title='bbox 697 4242 768 4322; x_wconf 90' lang='lat' dir='ltr'>illis,</span> <span class='ocrx_word' id='word_1_331' title='bbox 799 4242 854 4326; x_wconf 92' lang='lat' dir='ltr'>qui</span> <span class='ocrx_word' id='word_1_332' title='bbox 888 4242 1019 4307; x_wconf 90' lang='lat' dir='ltr'>veniam</span> <span class='ocrx_word' id='word_1_333' title='bbox 1056 4261 1114 4323; x_wconf 89' lang='lat' dir='ltr'>per</span> <span class='ocrx_word' id='word_1_334' title='bbox 1148 4240 1271 4306; x_wconf 91' lang='lat' dir='ltr'>malam</span> <span class='ocrx_word' id='word_1_335' title='bbox 1306 4261 1400 4305; x_wconf 92' lang='lat' dir='ltr'>suam</span> <span class='ocrx_word' id='word_1_336' title='bbox 1430 4241 1639 4307; x_wconf 85' lang='lat' dir='ltr'>voluntatem</span> 
     </span>
    </p>
   </div>
   <div class='ocr_carea' id='block_1_5' title="bbox 0 0 1914 4904">
    <p class='ocr_par' dir='ltr' id='par_1_5' title="bbox 0 0 1914 4904">
     <span class='ocr_line' id='line_1_33' title="bbox 0 0 1914 4904; baseline 0 4"><span class='ocrx_word' id='word_1_337' title='bbox 0 0 1914 4904; x_wconf 95' lang='lat' dir='ltr'> </span> 
     </span>
    </p>
   </div>
  </div>
 </body>
</html>
