3818 4904
295 414 336 481 92
671 406 771 461 LOCI
797 406 826 459 E
856 405 979 459 LIBRO
1015 403 1274 459 VERITATUM.

295 618 409 683 chielis
441 627 494 704 13⁰
520 626 595 695 ca⁰.,
618 621 771 684 ‘Violant
809 642 863 683 me
900 621 942 683 ad
981 620 1142 702 populum
1174 640 1284 682 meum
1318 628 1454 701 propter
1490 616 1653 700 pugillum

295 741 396 818 ordei,
422 741 440 802 i.
456 762 483 804 e.
505 763 566 823 pro
590 741 695 819 donis,
715 751 754 805 ut
775 741 986 819 vivificarent,
1009 761 1053 804 sc.
1067 741 1148 803 false
1171 741 1321 813 dicendo,
1342 739 1471 803 animas
1492 758 1566 820 quae
1586 758 1654 800 non

294 861 418 936 vivunt,
446 863 648 925 mencientes
677 863 802 945 populo
831 882 905 924 meo
936 861 1082 924 credenti
1115 858 1314 931 mendaciis,'
1341 860 1361 921 i.
1377 882 1405 923 e.
1431 859 1521 922 salsis
1544 858 1653 920 verbis

294 980 437 1045 violatus
463 982 556 1044 Deus
583 992 679 1058 esset,
709 992 742 1045 et
767 982 909 1045 violatus
940 982 1104 1045 diceretur
1133 982 1160 1044 si
1186 980 1393 1062 voluptatem
1419 979 1546 1063 peccati
1579 977 1652 1041 dili·

294 1109 388 1182 geret
411 1112 445 1165 et
465 1102 493 1164 si
515 1122 574 1184 per
593 1102 674 1165 talia
696 1123 796 1184 opera
811 1102 943 1164 veniam
964 1121 1058 1164 suam
1074 1110 1107 1163 et
1126 1102 1270 1183 graciam
1294 1099 1464 1164 conferret.
1492 1098 1655 1162 ‘Pecunia

295 1216 372 1298 tua,'
392 1220 498 1303 inquit
518 1221 660 1286 Sanctus
676 1222 801 1296 Petrus,
820 1225 951 1285 ‘tecum
975 1223 1018 1284 sit
1043 1222 1075 1284 in
1097 1222 1330 1304 perdicionem,
1347 1221 1425 1303 quia
1446 1220 1571 1283 donum
1588 1217 1653 1281 Dei

296 1341 495 1406 existimasti
518 1343 657 1423 pecunia
683 1339 876 1424 possideri·;'
902 1341 1053 1406 Actuum
1075 1338 1119 1402 8⁰.
1166 1341 1330 1405 Converte
1355 1360 1434 1423 ergo
1456 1361 1518 1404 nos
1539 1340 1583 1404 ad
1605 1349 1652 1412 te,

296 1459 327 1524 Ο
344 1460 438 1524 Deus
453 1462 605 1525 salutaris
621 1463 750 1526 noster!
772 1472 806 1526 et
821 1463 905 1525 sicut
919 1461 1016 1525 suerit
1031 1461 1184 1525 voluntas
1200 1461 1232 1524 in
1249 1460 1334 1524 coelo
1350 1461 1396 1525 sic
1412 1460 1481 1524 fiat.
1505 1460 1630 1524 Amen.

382 1580 572 1664 Septimum
603 1581 726 1645 flumen
757 1581 959 1645 Babilonicae
995 1581 1194 1646 confusionis
1230 1581 1325 1663 plura
1360 1602 1461 1663 opera
1495 1581 1584 1644 bona
1618 1589 1653 1644 et

291 1700 422 1764 animas
454 1702 628 1766 destruens
664 1713 698 1766 et
733 1702 821 1764 mala
856 1722 995 1765 causans
1029 1711 1080 1765 est
1115 1702 1237 1765 abusus
1271 1701 1559 1783 dispensacionum
1595 1721 1652 1763 seu

294 1820 504 1885 licenciarum
527 1821 696 1904 papalium
719 1831 752 1885 et
773 1822 912 1884 aliorum
935 1821 1164 1905 episcoporum
1189 1832 1222 1885 et
1245 1822 1505 1903 praesidencium.
1549 1821 1653 1885 Teste

294 1941 383 2004 enirn
402 1942 554 2023 apostoli,
572 1951 605 2006 2⁸
624 1942 667 2005 ad
685 1941 882 2007 Corintheos
898 1942 1025 2019 ultim0‚
1040 1942 1179 2024 loquens
1195 1943 1237 2005 de
1255 1941 1425 2023 apostolis,
1444 1943 1540 2005 ‘Non
1562 1941 1652 2005 enim

294 2080 471 2143 possumus
500 2061 625 2145 aliquid
655 2062 814 2125 adversus
843 2062 1028 2138 veritatem,
1059 2063 1118 2125 sed
1149 2082 1210 2145 pro
1240 2062 1390 2126 veritate.
1445 2062 1652 2125 Potestatem

294 2181 383 2244 enim
406 2181 505 2246 michi
529 2182 623 2247 dedit
646 2183 811 2245 Dominus
838 2182 870 2245 in
893 2182 1152 2245 aedificacionem
1179 2192 1213 2246 et
1239 2203 1305 2245 non
1332 2183 1365 2245 in
1389 2182 1652 2246 destruccionem

292 2300 458 2365 vestram’
504 2302 580 2365 Hoc
604 2303 648 2365 ibi
667 2301 837 2384 apostolus
856 2310 889 2365 2⁸
902 2303 947 2366 ad
965 2301 1163 2365 Corintheos
1185 2309 1239 2386 13⁰
1260 2308 1322 2366 ca0.
1367 2300 1522 2379 ‘Nichil,'
1537 2302 1652 2385 inquit,

294 2428 488 2504 ‘possumus
514 2434 628 2487 contra
650 2421 845 2498 veritatem,’
872 2443 916 2486 sc.
944 2442 1005 2486 nec
1035 2423 1121 2499 vitae,
1146 2444 1206 2486 nec
1233 2433 1348 2486 contra
1374 2423 1549 2486 veritatem
1573 2423 1652 2487 doc·

291 2542 396 2621 trinae,
413 2563 473 2606 nec
492 2542 644 2625 justiciae,
660 2553 697 2606 ut
718 2543 863 2607 declarat
884 2544 1016 2625 egregie
1038 2543 1167 2607 Doctor
1186 2542 1369 2607 Nicholaus
1390 2541 1530 2606 Gorram
1554 2564 1653 2625 super

294 2663 482 2744 Epistolam
507 2663 696 2728 Secundam
720 2665 763 2726 ad
789 2663 988 2727 Corintheos
1001 2685 1008 2740 ;
1039 2673 1072 2726 et
1098 2663 1173 2727 ideo
1196 2664 1276 2727 dicit
1299 2674 1432 2728 sanctus
1455 2664 1547 2747 Papa
1570 2663 1652 2727 Gre-

292 2784 403 2865 gorius
430 2804 529 2865 super
552 2783 782 2848 Ezechielem:
812 2784 950 2847 ‘Pocius
974 2784 1098 2846 oriatur
1123 2784 1326 2861 scandalum,
1350 2805 1394 2847 sc.
1417 2784 1546 2848 occasio
1573 2784 1651 2847 mali

292 2903 393 2967 fiendi
420 2925 478 2986 per
504 2905 586 2967 alios
614 2925 714 2988 quam
740 2905 861 2967 veritas
888 2904 1099 2986 relinquatur,
1123 2924 1168 2968 sc.
1196 2904 1381 2968 necessaria
1407 2915 1442 2968 et
1468 2904 1651 2986 expediens

291 3025 413 3089 veritas
437 3025 479 3087 ad
503 3024 644 3088 salutem
668 3024 871 3102 animarum,’
892 3035 928 3089 ut
951 3034 1094 3089 testatur
1115 3025 1248 3103 ibidem,
1268 3046 1441 3106 exponens
1464 3025 1528 3090 ista
1550 3025 1652 3090 verba

293 3145 439 3221 Domini,
468 3145 596 3209 Mathei
627 3153 701 3227 15⁰:
736 3145 862 3211 ‘Sinite
888 3145 971 3223 illos,
994 3166 1038 3209 sc.
1062 3145 1245 3220 Phariseos,
1271 3145 1495 3221 scandalizari,
1522 3146 1581 3210 ie.
1606 3147 1651 3210 ad

292 3265 417 3329 malum
441 3267 562 3330 moveri
588 3269 771 3342 occasione,
796 3287 897 3351 quam
926 3265 1012 3330 male
1036 3266 1202 3348 accipiunt
1229 3287 1274 3330 ex
1297 3266 1406 3330 verbis
1431 3267 1513 3329 meis
1536 3265 1652 3332 bonis?

293 3387 411 3451 Pocius
441 3387 528 3450 enim
556 3388 716 3451 debemus
745 3388 938 3471 permittere
968 3387 1057 3451 mala
1086 3387 1164 3464 fieri,
1190 3408 1265 3469 quae
1291 3388 1451 3470 impedire
1481 3407 1547 3450 non
1574 3408 1652 3471 pos·

292 3528 414 3586 sumus,
440 3529 542 3590 quam
569 3530 589 3572 a
615 3508 704 3572 bono
735 3528 870 3583 cessare,
897 3509 941 3572 ad
969 3509 1059 3591 quod
1086 3517 1247 3572 tenemur.
1296 3509 1369 3572 Nec
1400 3508 1650 3572 concedendum

292 3638 342 3692 est
367 3630 495 3692 bonum
518 3649 584 3691 non
608 3630 828 3692 necessarium
851 3629 929 3702 fieri,
954 3629 1042 3692 unde
1065 3629 1130 3692 alia
1152 3629 1241 3693 bona
1268 3640 1302 3694 et
1328 3629 1412 3692 sorte
1439 3627 1564 3709 majora
1589 3649 1651 3711 pro

292 3749 350 3813 illo
378 3750 468 3814 bono
498 3749 608 3813 fiendo
635 3749 858 3813 destruuntur.
903 3749 1098 3813 ‘Faciamus
1124 3749 1213 3814 mala
1241 3759 1277 3812 ut
1303 3748 1498 3812 habundent
1522 3746 1652 3812 bona?’

292 3869 429 3948 ‘Absit,’
445 3870 551 3953 inquit
572 3870 752 3953 apostolus.
797 3872 876 3934 Non
898 3881 948 3934 est
970 3892 1048 3953 ergo
1067 3872 1193 3934 bonum
1214 3871 1380 3934 absentari
1396 3891 1416 3933 a
1432 3891 1509 3935 cura
1524 3871 1651 3934 anima-

291 4011 373 4070 rum,
397 4013 457 4055 nec
487 3992 643 4056 ecclesias
673 4002 706 4056 et
739 4013 851 4056 curam
882 3992 1067 4055 animarum
1097 3993 1222 4057 destrui
1252 4012 1312 4074 per
1341 3991 1650 4073 appropriacionem

291 4111 345 4175 vel
368 4111 592 4195 pluralitatem
614 4134 674 4196 pro
696 4113 839 4176 minimis
859 4114 956 4177 bonis
978 4113 1104 4177 fiendis.
1150 4112 1248 4176 Plura
1269 4114 1357 4176 enirn
1380 4112 1480 4177 licent
1501 4112 1533 4175 in
1559 4120 1651 4176 certo

291 4242 451 4316 tempore,
471 4256 546 4317 quae
562 4257 627 4308 non
644 4256 775 4319 semper
796 4235 896 4300 licent
917 4255 977 4300 nec
994 4235 1199 4316 expediunt3
1224 4243 1257 4298 et
1280 4233 1356 4297 ideo
1375 4233 1455 4298 dicit
1470 4232 1651 4319 apostolus,
