3818 4904
306 414 346 484 72
678 407 777 463 socr
801 407 831 460 E
859 409 983 464 trano
1017 409 1273 470 VERITATUM.

305 626 393 688 nulla
408 646 460 687 ars
476 623 618 687 admissa
634 622 695 686 suit
718 634 936 706 praeterquam
959 647 1013 690 ars
1035 627 1197 691 scribendi
1214 635 1246 691 et
1263 627 1502 709 multiplicandi
1518 626 1653 692 sanctos

305 756 338 810 et
354 745 552 810 necessarios
568 743 675 817 libros,
694 753 726 806 et
748 754 826 808 tunc
846 746 949 808 sancti
969 755 1079 828 patres
1095 748 1138 810 de
1152 748 1246 810 bonis
1270 748 1409 810 annexis
1425 747 1491 810 suis
1507 747 1652 811 ecclesiis

303 865 544 948 episcopalibus
556 864 718 927 dotabant
730 864 882 928 ecclesias
894 866 1106 947 parochiales,
1118 877 1154 930 ut
1168 876 1308 930 rectores
1320 868 1423 931 sancti
1436 877 1469 930 et
1480 865 1649 931 scientifici

303 987 482 1050 earundem
499 984 707 1048 ecclesiarum
724 985 959 1066 parochialium
976 987 1107 1049 liberius
1125 998 1157 1050 et
1174 987 1291 1049 melius
1307 987 1461 1068 operibus
1476 989 1542 1050 suis
1554 1009 1650 1051 vaca-

304 1116 387 1180 rent,
403 1116 436 1168 et
459 1114 551 1168 actus
572 1104 763 1185 spirituales,
779 1107 912 1182 orando,
930 1108 1109 1183 scribendo,
1126 1117 1159 1170 et
1181 1108 1399 1188 praedicando
1418 1129 1477 1189 per
1491 1129 1527 1170 se
1543 1118 1576 1171 et
1592 1128 1651 1190 per

302 1227 384 1289 alios
416 1226 679 1307 multiplicarent.
737 1226 834 1289 Heul
866 1226 950 1290 heu!
985 1228 1096 1310 qualia
1120 1228 1190 1308 jam
1215 1230 1403 1292 nutriuntur
1430 1238 1463 1291 et
1492 1228 1650 1310 multipli-

302 1357 418 1412 cantur
433 1367 491 1428 per
506 1346 659 1409 ecclesias
674 1347 909 1427 appropriatas.
957 1349 1085 1412 Revera
1101 1350 1134 1411 in
1150 1349 1230 1411 locis
1246 1349 1395 1430 plurimis
1412 1348 1648 1431 multiplicacio

302 1468 508 1543 serculorum,
529 1466 717 1548 juristarum
745 1477 778 1529 et
803 1469 1071 1543 conciliariorum
1099 1469 1331 1551 temporalium
1362 1481 1505 1542 actuum,
1531 1480 1564 1533 et
1590 1491 1649 1532 ex-

301 1589 421 1652 hibicio
444 1597 615 1669 potentum
639 1597 672 1649 et
692 1586 902 1663 tirannorum,
919 1590 1037 1670 quibus
1059 1589 1199 1670 placent,
1215 1599 1248 1653 et
1267 1590 1386 1670 quibus
1408 1590 1441 1652 in
1465 1590 1560 1652 malis
1582 1611 1649 1653 non

302 1709 540 1782 contradicunt,
565 1727 605 1770 ne
634 1727 692 1769 sua
719 1707 806 1770 bona
832 1708 1027 1789 temporalia
1049 1711 1215 1784 amittant,
1240 1720 1272 1772 et
1297 1710 1323 1771 si
1351 1720 1530 1790 pensantur
1553 1731 1650 1792 aequo

297 1829 422 1910 judicio
447 1827 558 1890 omnia
579 1848 652 1908 quae
679 1848 722 1889 ex
747 1827 817 1890 istis
840 1828 936 1891 bonis
961 1831 1165 1910 proveniunt,
1188 1830 1363 1892 verisimile
1390 1841 1440 1893 est
1466 1831 1554 1911 quod
1583 1851 1649 1894 non

301 1950 407 2013 solum
424 1948 511 2011 bona
523 1967 623 2030 opera
639 1968 683 2010 ex
698 1967 816 2028 genere
831 1949 887 2011 sed
905 1950 1045 2030 plurima
1061 1950 1157 2026 mala,
1169 1951 1239 2013 sine
1251 1950 1370 2032 quibus
1386 1951 1544 2031 praedicta
1561 1951 1649 2014 bona

302 2091 373 2134 raro
388 2070 439 2133 vel
464 2088 629 2149 nunquam
653 2067 834 2146 habentur3
857 2069 996 2133 libenter
1018 2091 1096 2152 ergo
1120 2071 1227 2152 inquit
1246 2069 1389 2134 Sanctus
1405 2069 1593 2150 Jeronimus
1616 2072 1649 2133 in

301 2189 454 2273 Epistola
466 2190 509 2253 ad
526 2238 532 2252 .
550 2238 557 2252 .
574 2188 621 2252 ..¹
640 2190 775 2252 ‘carebo
791 2189 950 2254 beneficio
962 2193 1051 2272 quod
1068 2191 1126 2254 tali
1143 2201 1176 2253 et
1193 2200 1287 2254 tanto
1303 2190 1443 2254 habetur
1457 2191 1650 2273 dispendio’

301 2312 436 2375 ‘Vestra
447 2306 695 2386 habundancia,'
711 2309 816 2391 inquit
826 2310 1019 2392 Apostolus,
1033 2311 1190 2374 ‘aliorum
1203 2311 1334 2393 supleat
1347 2307 1513 2393 inopiam?
1537 2310 1650 2393 Quare

300 2453 380 2514 ergo
404 2453 469 2495 non
495 2432 616 2495 dantur
638 2432 728 2494 bona
752 2431 926 2513 superflua,
948 2453 1080 2495 annexa
1106 2433 1312 2495 monasteriis
1338 2443 1371 2494 et
1398 2432 1553 2509 ecclesiis,
1576 2431 1649 2497 aliis

300 2554 445 2617 ecclesiis
469 2553 699 2634 indigentibus
715 2561 751 2614 ut
773 2572 883 2615 earum
904 2553 1080 2616 necessitas
1099 2561 1302 2616 sustentetur
1320 2553 1593 2616 monasteriorum
1616 2563 1649 2617 et

299 2675 508 2739 ecclesiarum
531 2672 880 2754 superhabundancia?
926 2673 994 2738 Sed
1017 2672 1100 2736 heu!
1123 2672 1205 2736 heu!
1229 2672 1306 2754 quia
1325 2693 1460 2736 munera
1479 2683 1649 2737 excaecant

299 2795 412 2858 oculos
424 2795 582 2876 judicum,
598 2805 631 2856 et
654 2795 815 2856 bonorum
831 2792 1063 2874 temporalium
1083 2793 1250 2874 appetitus
1272 2803 1420 2856 excaecat
1443 2793 1647 2857 intellectum

299 2923 333 2978 et
360 2916 427 2978 veri
448 2915 618 2996 judicium,
646 2924 683 2977 ut
708 2934 821 2977 verum
846 2914 933 2977 dicat
958 2915 1047 2996 quod
1078 2912 1196 2977 falsum
1224 2923 1283 2987 est,
1309 2923 1343 2976 et
1369 2934 1388 2975 e
1415 2915 1587 2992 contrario,
1614 2924 1648 2978 et

298 3035 424 3099 bonum
447 3037 526 3099 dicit
549 3057 620 3099 esse
644 3034 776 3111 malum,
800 3044 834 3097 et
858 3034 948 3115 quod
973 3034 1096 3097 malum
1122 3044 1173 3097 est
1199 3033 1278 3096 dicit
1304 3032 1439 3108 bonum,
1461 3044 1495 3097 et
1520 3036 1649 3099 bonum

299 3167 333 3220 et
348 3177 461 3220 verum
478 3157 616 3238 ignorat,
631 3154 682 3219 vel
699 3176 764 3219 non
780 3156 974 3231 considerat,
989 3155 1040 3218 vel
1062 3154 1272 3230 obliviscitur,
1290 3153 1341 3217 vel
1358 3163 1453 3218 errat.
1499 3154 1530 3219 O
1547 3175 1648 3237 quam

300 3298 434 3342 necesse
456 3286 507 3341 est
529 3298 621 3340 orare
641 3275 740 3358 juxta
762 3275 928 3357 eloquium
952 3273 1065 3339 tuum!
1089 3277 1132 3338 da
1149 3275 1247 3338 michi
1264 3274 1476 3349 intellectum,
1496 3275 1648 3354 Domine,

298 3419 341 3462 ne
363 3399 460 3463 velud
483 3398 542 3462 viri
565 3398 723 3463 sodomae
750 3406 783 3460 et
808 3395 979 3460 Gomorrae
1005 3396 1162 3471 lecerunt,
1184 3416 1242 3477 per
1269 3416 1306 3458 se
1329 3396 1453 3458 bonum
1479 3405 1512 3459 et
1535 3417 1649 3459 verum

298 3519 417 3584 salsum
434 3529 468 3584 et
484 3520 608 3582 malum
632 3539 704 3582 esse
722 3527 864 3601 putetur,
880 3527 914 3580 et
929 3518 1019 3599 quod
1035 3517 1214 3599 pessimum
1232 3524 1292 3591 est,
1308 3516 1432 3579 bonum
1455 3527 1596 3598 putetur,
1612 3527 1650 3580 ut

297 3651 440 3706 testatur
469 3639 610 3704 Sanctus
634 3638 841 3720 Augustinus
868 3639 912 3701 de
936 3638 1043 3701 verbis
1070 3638 1215 3710 Domini,
1243 3636 1381 3701 recitans
1409 3635 1471 3700 hoc
1501 3638 1543 3700 de
1571 3637 1649 3716 viris

298 3763 332 3825 in
356 3761 515 3826 Sodomia
539 3770 572 3825 et
594 3761 766 3834 Gomorra,
786 3759 841 3840 qui
863 3759 1042 3841 pessimum
1062 3767 1176 3822 actum
1198 3758 1353 3821 dixerunt
1375 3756 1591 3821 essebonum
1615 3769 1649 3822 et

298 3883 423 3947 licitum
444 3894 478 3947 et
499 3903 563 3945 non
584 3882 728 3944 malum:
752 3880 914 3943 ‘Reddite
933 3899 1018 3960 ergo,
1036 3879 1302 3960 praevaricatores
1321 3878 1440 3942 divinae
1458 3878 1648 3954 voluntatis,

298 4015 333 4067 et
353 4003 572 4067 ordinacionis
595 4005 637 4066 ad
661 4022 724 4077 cor,
746 4001 990 4064 considerantes
1009 4020 1122 4062 verum
1144 3999 1338 4076 evidencias‚
1358 4008 1391 4063 et
1412 4020 1478 4062 non
1501 4000 1648 4062 camales

299 4134 424 4188 vestras
444 4124 648 4199 affecciones,
668 4143 775 4204 neque
796 4122 951 4194 dicentes,
973 4118 1057 4183 “Sic
1076 4119 1163 4190 volo,
1183 4120 1228 4182 sic
1249 4118 1358 4201 jubeo,
1379 4119 1416 4184 fit
1439 4140 1499 4203 pro
1519 4120 1649 4184 racione

767 4256 774 4284 ¹
792 4258 816 4306 Α
829 4255 906 4306 blank
918 4257 943 4304 in
955 4255 997 4306 the
1008 4254 1114 4318 original
1126 4253 1182 4305 MS.
