3818 4904
239 348 242 354 ’
302 360 362 444 198
679 370 779 424 roc]
804 370 833 422 E
863 369 988 423 urano
1023 369 1280 424 uestrarum.

298 581 501 663 exemplum,
528 583 576 644 eis
601 592 782 658 ostensum,
811 594 845 645 et
872 604 931 664 per
961 583 1144 646 doctrinam
1175 583 1307 660 bonam,
1334 584 1507 666 concipere
1529 582 1654 646 vellent

296 711 428 766 sanctas
454 703 677 784 cogitaciones
701 712 735 765 et
760 704 943 784 producere
968 703 1062 786 plura
1084 703 1172 766 bona
1199 724 1318 786 opera;
1346 704 1405 766 sed
1428 704 1507 786 quia
1529 703 1653 767 inimici

298 822 363 884 Dei
392 823 606 886 committunt
636 834 670 886 et
700 822 874 886 conferunt
904 823 951 886 eis
983 823 1088 886 malos
1117 824 1272 905 praelatos
1301 835 1335 887 et
1367 826 1471 888 malos
1501 834 1652 899 rectores,

296 943 372 1006 ideo
397 942 600 1007 fornicantur
624 953 658 1006 et
685 942 808 1006 faciunt
835 942 976 1026 plurima
1003 964 1104 1026 opera
1135 945 1231 1019 mala,
1257 955 1291 1008 et
1321 946 1401 1027 quia
1431 965 1497 1008 non
1525 945 1654 1009 habent

294 1063 419 1126 bonum
446 1075 614 1146 pastorem
642 1074 675 1127 et
699 1064 823 1126 bonum
849 1074 1009 1128 rectorem
1036 1074 1222 1128 morantem
1248 1065 1334 1129 inter
1360 1087 1428 1141 eos,
1451 1066 1653 1130 fornicantur

294 1184 507 1267 spiritualiter
536 1193 570 1247 et
599 1184 821 1266 corporaliter,
850 1195 883 1247 et
914 1184 1008 1267 plura
1034 1206 1135 1267 opera
1163 1186 1250 1248 mala
1277 1185 1413 1250 faciunt.
1458 1186 1537 1250 Non
1563 1187 1652 1249 enim

294 1314 432 1387 possunt
457 1306 546 1368 bona
576 1326 676 1387 opera
707 1305 820 1369 debite
848 1325 1005 1387 generare
1034 1307 1068 1368 in
1095 1327 1155 1369 sua
1186 1308 1307 1370 diocesi
1337 1308 1390 1370 vel
1417 1307 1573 1388 parochia
1599 1307 1675 1370 vel‘

293 1425 453 1490 abbathia
473 1426 526 1488 vel
549 1426 686 1489 ecclesia
709 1426 899 1503 cathedrali,
922 1427 1000 1508 quia
1026 1447 1094 1489 non
1119 1439 1197 1490 sunt
1222 1447 1298 1491 cum
1322 1429 1390 1490 suis
1412 1427 1565 1505 subditis,
1587 1447 1649 1491 nec

293 1547 406 1611 debite
429 1556 566 1610 manent
593 1547 677 1610 inter
701 1567 768 1624 eos,
788 1556 823 1610 et
850 1547 925 1610 ideo
950 1547 1165 1629 spiritualiter
1187 1569 1254 1611 non
1278 1557 1476 1612 convertunt
1499 1549 1651 1612 homines

292 1689 313 1730 a
339 1667 431 1731 viciis
455 1669 489 1730 in
511 1668 657 1731 virtuosa
683 1688 794 1750 opera,
819 1688 879 1731 nec
906 1689 926 1731 a
951 1669 1097 1750 peccatis
1124 1671 1167 1733 ad
1194 1670 1343 1733 virtutes.
1390 1670 1531 1733 Manent
1561 1670 1650 1732 enim

292 1790 326 1851 in
350 1789 446 1852 curiis
473 1808 668 1869 magnorum
695 1789 913 1876 dominorum¹
932 1790 1184 1867 mundanorum,
1206 1800 1241 1853 et
1268 1791 1312 1853 ibi
1337 1792 1533 1872 expendunt
1560 1792 1650 1854 bona

292 1910 437 1974 ecclesiae
466 1930 545 1981 suae,
569 1909 623 1973 vel
654 1920 791 1973 manent
818 1911 853 1972 in
878 1911 1145 1974 universitatibus
1176 1912 1307 1975 Parisiis
1336 1912 1389 1975 vel
1420 1911 1565 1976 Oxoniae
1596 1911 1650 1975 vel

290 2031 379 2106 alibi,
397 2041 430 2094 et
452 2031 565 2094 debite
588 2051 655 2093 non
680 2038 817 2112 prosunt
839 2032 949 2110 verbu,
972 2032 1138 2114 exemplu,
1161 2033 1297 2110 auxilio,
1315 2033 1463 2095 subsidio
1485 2031 1648 2114 spirituali

291 2162 325 2216 et
343 2150 513 2233 corporali.
551 2152 597 2215 Et
616 2152 798 2233 aliquando
813 2151 938 2215 Tamar
958 2174 1024 2217 non
1044 2154 1148 2217 habet
1170 2155 1333 2229 maritum,
1350 2154 1428 2235 quia
1448 2153 1557 2216 nullus
1577 2152 1648 2215 vult

291 2293 366 2336 eam
392 2273 543 2355 accipere
568 2282 705 2356 propter
729 2282 970 2355 paupertatem,
992 2283 1026 2337 et
1056 2273 1203 2338 ecclesiae
1228 2273 1443 2357 parochiales,
1470 2273 1503 2335 in
1529 2273 1649 2356 quibus

290 2395 461 2476 quondam
496 2394 628 2458 luemnt
658 2393 770 2474 magni
808 2403 960 2472 rectores,
992 2394 1254 2476 hospitalitatem
1290 2404 1453 2469 tenentes,
1492 2405 1527 2459 et
1562 2393 1648 2457 filios

290 2516 564 2599 parochianorum
592 2517 635 2579 ad
666 2515 773 2578 scolas
803 2514 1009 2592 exhibentes,
1032 2515 1104 2597 jam
1130 2536 1197 2579 non
1220 2514 1345 2579 habent
1367 2516 1474 2579 bonos
1504 2525 1645 2590 curatos,

290 2657 351 2700 nec
371 2647 522 2714 rectores,
542 2655 603 2699 nec
622 2636 770 2714 vicarios,
790 2635 906 2717 quales
925 2635 1096 2714 haberent,
1116 2636 1195 2718 quia
1215 2636 1354 2699 ecclesia
1377 2646 1428 2700 est
1448 2637 1496 2700 ita
1521 2637 1648 2719 depau-

289 2766 405 2838 perata
430 2776 489 2839 per
515 2755 821 2838 appropriacionem
848 2756 971 2819 factam
998 2757 1041 2819 ab
1067 2756 1141 2819 aliis
1168 2767 1266 2820 extra
1290 2755 1481 2839 parochiam
1509 2777 1646 2820 manen·

288 2878 386 2956 tibus,
401 2877 491 2959 quod
512 2885 646 2939 curatus
661 2876 755 2958 quasi
778 2875 859 2938 nihil
882 2876 992 2954 habet,
1008 2897 1069 2941 nec
1090 2876 1195 2940 habet
1215 2877 1304 2940 unde
1326 2876 1417 2940 vivat
1439 2886 1478 2941 ut
1498 2875 1646 2952 clericus,

289 3019 349 3063 nec
372 2999 461 3061 unde
481 2996 595 3078 juvare
620 3004 732 3079 potest
754 2996 971 3078 parochianos
995 3017 1055 3061 nec
1079 3018 1175 3061 suam
1198 2996 1393 3074 ecclesiam3
1424 3005 1458 3059 et
1479 2998 1528 3061 sic
1549 2997 1646 3062 sedet

288 3121 322 3183 in
342 3118 479 3183 tristicia
501 3117 557 3180 illa
579 3137 654 3198 quae
676 3117 846 3198 quondam
869 3116 931 3180 suit
947 3118 1103 3181 ‘domina
1124 3115 1298 3199 gencium,’
1321 3137 1366 3180 sc.
1391 3115 1547 3200 parochia
1568 3138 1647 3199 quae

288 3242 459 3325 quondam
488 3259 547 3321 per
576 3238 700 3302 bonum
732 3249 881 3303 curatum
910 3238 972 3303 suit
1002 3238 1157 3304 notabilis
1185 3238 1448 3303 conversacionis
1481 3249 1516 3303 et
1545 3239 1645 3304 iamae

287 3363 373 3426 inter
394 3370 521 3443 gentes.

373 3493 411 3560 [p.
428 3490 498 3558 548]
543 3481 605 3543 Per
629 3480 702 3544 illos
724 3481 1003 3564 approprietarios
1025 3491 1059 3544 et
1087 3501 1152 3543 non
1181 3482 1362 3544 residentes
1385 3491 1499 3545 carent
1521 3481 1643 3546 debitis

285 3606 417 3680 curatis,
449 3602 685 3684 hospitalitate,
718 3601 956 3683 praedicacione
983 3601 1075 3664 verbi
1114 3601 1188 3680 Dei,
1221 3602 1430 3666 exhibicione
1464 3622 1643 3684 puerorum

284 3728 327 3790 ad
359 3724 473 3802 scolas,
499 3725 589 3787 bono
618 3722 755 3786 consilio
782 3732 816 3786 et
844 3722 972 3786 auxilio
1000 3730 1198 3801 curatorum,
1225 3725 1291 3805 qui,
1313 3733 1449 3806 propter
1474 3722 1643 3786 defectum

284 3848 446 3910 bonorum
473 3844 757 3927 appropriatorunr
786 3843 867 3918 aliis,
893 3864 960 3907 non
987 3854 1126 3926 possunt
1153 3844 1304 3907 auxiliari
1331 3843 1538 3926 parochianis
1564 3864 1643 3909 con·

283 3987 384 4048 grue3
411 3976 445 4030 et
471 3965 556 4030 tales
577 3964 657 4029 flent
680 3986 792 4029 coram
816 3965 890 4029 Deo
913 3985 973 4047 pro
997 3965 1143 4028 remedio
1170 3974 1286 4029 contra
1304 3965 1585 4048 approprietarios
1607 3973 1643 4031 et

285 4109 350 4150 non
382 4090 571 4166 residentes,
597 4087 716 4170 quibus
751 4087 859 4151 solum
891 4087 956 4150 hoc
992 4097 1044 4151 est
1082 4086 1274 4162 remedium,
1307 4108 1372 4150 non
1403 4086 1512 4152 facere
1549 4089 1639 4170 quod

285 4208 440 4282 lecerunt,
473 4231 538 4273 non
571 4209 751 4274 residentes
779 4208 902 4274 habere
933 4208 1105 4274 ecclesiam
1135 4208 1181 4273 sic
1211 4211 1470 4292 appropriatam,
1503 4231 1565 4276 nec
1593 4212 1640 4275 sic
