3818 4904
304 388 344 450 86
676 394 774 450 LOCI
800 393 829 445 E
858 393 983 447 LIBRO
1018 394 1277 450 VERITATUM.

302 615 386 676 ciam
406 615 481 690 Dei,
498 624 531 678 et
553 613 751 687 libertatem,
770 611 858 675 dixit
873 610 1022 674 Actuum
1038 610 1110 693 xj0:
1136 612 1229 694 ‘Ego
1249 612 1323 694 quis
1343 633 1432 675 eram
1451 613 1506 694 qui
1527 613 1652 695 possim

295 720 474 816 ⁸prohibere
498 735 680 798 Dominum
692 730 715 795 ?’
746 733 811 795 ie.
840 752 906 795 non
929 751 1063 812 possum
1086 730 1260 813 prohibere
1283 733 1485 809 Dominum3
1512 742 1547 797 et
1568 733 1653 797 sicut

301 875 368 918 non
394 864 505 936 potest
530 855 640 918 Deum
664 852 846 936 prohibere,
870 852 916 914 sic
942 850 1147 915 voluntatem
1168 851 1232 913 Dei
1258 852 1302 915 ad
1325 851 1449 934 aliquid
1473 852 1651 916 volendum

299 974 354 1041 vel
369 974 554 1039 laciendum
576 994 642 1036 non
661 982 772 1054 potest
787 970 994 1053 compellere.
1032 970 1110 1033 Non
1129 979 1178 1033 est
1199 973 1287 1034 enim
1303 972 1360 1053 qui
1376 982 1486 1055 potest
1503 973 1652 1037 resistere

299 1094 463 1159 voluntati
481 1104 557 1172 tuae,
572 1093 735 1157 Domine!
767 1092 855 1154 unde
876 1092 1028 1155 Actuum
1048 1091 1163 1172 prim0,
1180 1090 1347 1173 ‘Oportet
1367 1093 1495 1175 impleri
1513 1094 1652 1175 scriptu-

299 1235 379 1293 ram,
393 1235 495 1297 quam
511 1214 667 1297 praedixit
684 1212 828 1295 Spiritus
844 1208 1005 1276 Sanctus?
1050 1211 1132 1276 Ideo
1154 1212 1242 1274 enim
1262 1210 1403 1276 Sanctus
1420 1213 1536 1277 Petrus
1557 1214 1651 1297 plura

299 1335 386 1410 fecit,
413 1335 490 1417 quia
516 1335 610 1397 Deus
640 1333 697 1396 illa
725 1332 834 1396 fienda
865 1331 990 1397 Sancto
1014 1331 1113 1395 Petro
1135 1332 1290 1408 ostendit,
1318 1335 1407 1397 unde
1428 1333 1577 1398 Actuum
1600 1341 1650 1409 x0,

299 1454 440 1533 ‘Michi,’
463 1454 579 1536 inquit,
601 1454 714 1516 ‘Deus
738 1448 903 1516 ostendit.'
959 1450 1026 1516 Sed
1050 1451 1135 1514 heu!
1171 1453 1340 1533 quomodo
1363 1453 1509 1517 fiendum
1532 1474 1552 1517 a
1575 1455 1651 1518 Deo

298 1576 483 1640 ostenditur
505 1575 594 1658 quod
618 1575 705 1638 racio
728 1572 902 1636 manisesta
922 1582 955 1636 et
976 1573 1136 1654 scriptura
1158 1592 1251 1636 sacra
1273 1575 1520 1638 contradicunt?
1558 1573 1650 1657 Quo-

298 1698 398 1761 modo
421 1695 602 1760 absolvitur
620 1694 664 1758 ab
685 1694 820 1759 homine
843 1695 899 1776 qui
919 1713 1030 1757 coram
1053 1693 1127 1757 Deo
1149 1693 1276 1756 absolvi
1298 1714 1365 1781 non
1386 1696 1551 1760 meretur?
1595 1696 1650 1759 Ne

297 1838 376 1900 ergo
398 1817 510 1881 dicant
531 1815 691 1890 homines
713 1815 797 1878 sicut
821 1812 970 1877 moderni
992 1813 1073 1877 latui
1096 1814 1219 1890 dicunt,
1243 1814 1418 1879 ‘Faciliter
1439 1816 1551 1879 omnia
1572 1836 1650 1898 pec·

296 1946 372 2002 cata
402 1957 476 2000 mea
511 1937 726 2010 remittentur,
757 1934 784 1998 si
821 1934 974 1998 sacerdos
1005 1953 1140 1997 manum
1170 1954 1265 1997 suam
1295 1935 1394 1999 michi
1425 1937 1583 2018 imponat,
1613 1945 1649 2000 et

295 2057 397 2121 verba
418 2055 640 2120 absolucionis
664 2057 762 2131 dicat,
784 2066 819 2119 et
841 2055 916 2119 ideo
943 2075 1010 2117 non
1032 2075 1110 2118 curo
1129 2075 1227 2136 agere
1250 2076 1326 2137 quae
1352 2053 1449 2121 volo.’
1495 2054 1648 2133 ‘Nolite‚’

295 2178 404 2260 inquit
425 2176 600 2253 Dominus,
625 2176 780 2259 Jeremiae
806 2182 848 2255 7⁰,
866 2174 1049 2238 ‘confidere
1075 2175 1109 2236 in
1134 2175 1243 2239 verbis
1266 2175 1451 2252 mendacii,'
1474 2177 1507 2239 id
1532 2186 1590 2254 est,
1613 2178 1648 2240 in

295 2297 404 2362 verbis
432 2297 532 2374 salsis,
559 2297 716 2372 dicentes
749 2294 948 2377 ‘Templum
976 2294 1131 2360 Domini!
1176 2295 1356 2377 Templum
1381 2296 1548 2362 Dominil'
1581 2299 1601 2361 i.
1616 2319 1645 2361 e.

293 2417 397 2482 nolite
421 2419 530 2482 dicere
555 2417 618 2482 hoc
640 2417 770 2493 salsum,
792 2417 881 2498 quod
904 2416 994 2497 prius
1021 2414 1171 2479 dixistis:
1194 2415 1395 2498 ‘Templum
1418 2417 1555 2480 Domini
1579 2416 1647 2482 tale

295 2548 354 2615 est,
370 2549 404 2603 et
426 2548 529 2603 tantae
552 2539 713 2614 efficaciae,
730 2538 829 2619 quod,
844 2556 903 2619 per
922 2535 1127 2600 oblacionem
1152 2546 1186 2600 et
1208 2556 1321 2618 preces
1343 2537 1446 2602 factas
1464 2538 1519 2616 ibi,
1534 2539 1648 2602 omnia

293 2668 430 2742 peccata
452 2660 659 2723 remittentur
683 2658 791 2734 michi,
815 2657 886 2720 sine
909 2656 981 2720 aliis
1004 2656 1159 2738 operibus
1185 2657 1350 2738 requisitis
1364 2654 1386 2736 ;'
1413 2659 1503 2740 quod
1526 2657 1645 2721 salsum

293 2800 367 2844 esse
396 2780 561 2843 Dominus
590 2780 745 2858 ostendit,
767 2777 920 2859 Jeremiae
944 2783 997 2857 7⁰3
1034 2777 1132 2842 facite
1162 2798 1241 2860 ergo
1269 2779 1387 2861 dignos
1417 2778 1550 2858 fructus,
1579 2781 1600 2844 i.
1615 2800 1645 2844 e.

295 2901 417 2983 ‘digna
438 2922 538 2984 opera
560 2896 790 2983 poenitenciae,'
817 2899 919 2962 Lucae
939 2904 984 2982 3⁰.

380 3021 525 3086 Sextum
551 3020 675 3084 flumen
702 3019 902 3083 Babilonicae
928 3018 1126 3083 confusionis
1152 3028 1187 3083 et
1216 2990 1451 3085 destruccionis
1482 3030 1534 3085 est
1562 3019 1646 3085 salsa

292 3144 385 3222 fides,
414 3163 516 3226 quam
545 3141 646 3225 aliqui
679 3142 806 3206 habent
836 3141 870 3204 in
899 3140 1117 3224 indulgenciis
1147 3143 1310 3207 concessis
1339 3165 1360 3207 a
1389 3164 1487 3226 papa,
1515 3142 1568 3207 vel
1600 3142 1645 3206 ab

291 3264 435 3344 homine,
451 3284 554 3347 quam
575 3285 597 3328 a
619 3264 695 3328 Deo
718 3284 784 3327 non
806 3262 939 3342 habent,
960 3263 1038 3344 quia
1062 3284 1129 3327 non
1149 3264 1276 3329 habent
1301 3265 1458 3348 requisita
1475 3265 1519 3330 ad
1541 3264 1644 3329 talem

290 3389 422 3451 veniam
441 3405 552 3449 coram
571 3384 657 3449 Deo.
687 3382 902 3465 Indulgencia
920 3385 1010 3447 enim
1030 3394 1081 3448 est
1098 3404 1176 3448 vera
1197 3406 1255 3449 seu
1276 3385 1374 3468 plena
1394 3385 1472 3450 mali
1494 3387 1644 3451 remissio

289 3528 348 3574 seu
370 3507 525 3586 deleccio,
546 3507 630 3570 sicut
653 3505 800 3569 declarat
822 3505 964 3570 Sanctus
978 3506 1188 3590 Augustinus
1209 3508 1244 3570 in
1265 3506 1427 3572 Sermone
1448 3528 1548 3590 super
1570 3528 1643 3572 ver-

289 3650 365 3694 sum
389 3628 512 3692 Psalmi
536 3627 589 3709 67,
610 3630 714 3692 ‘sicut
736 3627 847 3692 deficit
869 3627 979 3691 fumus
1001 3626 1192 3708 deficiant3’
1219 3628 1428 3712 indulgencia
1453 3631 1543 3693 enim
1564 3649 1644 3694 vera

289 3762 325 3816 et
344 3753 494 3834 preciosa
516 3770 567 3814 res
594 3760 656 3827 est,
679 3760 713 3814 et
738 3750 840 3831 digno
862 3750 971 3832 precio
992 3753 1223 3834 apprecianda‚
1247 3762 1282 3815 et
1305 3759 1356 3814 est
1378 3751 1520 3815 emenda
1541 3772 1562 3815 a
1583 3750 1642 3814 tali

288 3874 409 3956 precio,
432 3873 521 3957 quali
546 3874 626 3938 emit
650 3883 685 3938 et
706 3872 797 3936 illam
823 3872 942 3937 meruit
966 3883 1083 3937 sancta
1108 3873 1262 3938 dilectrix
1284 3873 1346 3936 Xti
1369 3872 1477 3936 Maria
1500 3872 1642 3954 Magda-

288 3995 372 4075 lena,
402 4017 478 4080 quae
508 3998 541 4060 in
571 3997 661 4060 omni
690 4005 785 4080 parte
814 3997 864 4059 sui
893 4003 944 4060 tot
974 3995 1096 4060 obtulit
1125 3995 1197 4059 Xto
1226 3994 1428 4072 holocausta,
1455 3994 1475 4057 i.
1491 4014 1520 4057 e.
1546 4003 1641 4057 actus

288 4116 394 4180 bonos
417 4127 452 4181 et
476 4117 551 4180 Deo
569 4117 747 4200 placentes,
762 4126 844 4199 quot
868 4117 902 4180 in
926 4137 962 4179 se
986 4117 1076 4198 prius
1098 4115 1216 4178 habuit
1237 4116 1364 4196 peccati
1387 4113 1641 4191 oblectamenta,

288 4246 325 4302 ut
347 4246 487 4303 testatur
502 4238 645 4305 Sanctus
663 4237 841 4322 Gregorius
864 4240 897 4303 in
914 4237 1046 4304 Omelia
1065 4259 1125 4302 sua
1142 4237 1243 4302 Lucae
1261 4243 1294 4316 7⁰
1315 4242 1402 4319 cap0.
1436 4233 1641 4317 Exemplum
