3818 4904
687 429 785 484 LOCI
812 431 842 483 E
871 430 996 485 LIBRO
1031 431 1287 488 VERITATUM.
1644 439 1664 501 9

312 634 462 720 Hungat,
493 662 603 705 comes
633 655 811 727 perpetuus
841 646 1092 721 Wisterciensis‚
1124 668 1208 729 quas
1243 648 1353 711 literas
1391 668 1467 710 suas
1504 645 1592 708 misit
1630 645 1663 707 in

308 755 470 838 Angliam
506 780 582 824 cum
618 765 766 830 Domino
800 766 940 830 Erasmo
977 765 1091 829 Fullar
1120 769 1290 832 sacerdote
1325 769 1368 832 de
1405 766 1578 848 Hungaria
1607 765 1663 847 qui

310 876 343 938 in
369 877 426 943 illo
449 879 538 945 bello
560 892 676 949 contra
697 884 823 950 Turcos
846 885 918 964 suit,
938 887 1046 951 occiso
1069 886 1114 949 ibi
1138 887 1238 951 fratre
1261 908 1322 951 suo
1345 887 1482 951 domino
1506 885 1663 950 Oswaldo

308 995 430 1077 Fullar,
456 1001 512 1083 qui
539 1002 600 1065 fuit
631 1004 733 1084 miles,
760 1017 794 1071 et
820 1008 927 1071 occisa
954 1017 1033 1070 tunc
1060 1005 1192 1071 suerunt
1215 1008 1259 1071 de
1286 1008 1420 1071 Xtianis
1455 1004 1524 1069 18¹¹¹¹
1550 1005 1661 1077 millia,

308 1119 459 1198 quamvis
485 1141 546 1185 nos
573 1123 607 1186 in
633 1124 758 1208 Anglia
783 1127 960 1190 habuimus
987 1147 1134 1191 rumores
1160 1130 1251 1209 quod
1274 1128 1405 1191 suerunt
1432 1128 1465 1190 in
1492 1127 1548 1191 illo
1573 1125 1663 1189 bello

308 1235 371 1300 20²¹
402 1240 505 1303 millia
534 1241 733 1308 Xtianorum
766 1256 847 1326 tum,
878 1258 912 1312 et
946 1248 1036 1329 quod
1067 1257 1139 1311 tum
1175 1268 1277 1311 unum
1312 1248 1404 1311 mille
1438 1268 1483 1311 ex
1518 1246 1565 1310 eis
1599 1244 1662 1309 suit

306 1357 461 1435 occisum,
478 1361 534 1443 qui
554 1384 666 1427 rumor
683 1366 716 1427 in
737 1366 863 1449 Anglia
883 1388 949 1431 non
971 1367 1033 1431 fuit
1052 1388 1156 1446 verus,
1172 1369 1322 1450 quamvis
1342 1368 1376 1431 in
1397 1367 1499 1430 literis
1521 1365 1661 1429 missivis

307 1478 456 1560 scriptus,
479 1492 513 1546 et
537 1483 614 1566 quia
644 1504 704 1548 rex
736 1486 917 1569 Hungariae
947 1488 1102 1551 dominus
1132 1487 1309 1552 Ladislaus
1338 1488 1400 1552 suit
1429 1497 1502 1551 tum
1530 1486 1661 1569 juvenis

309 1613 350 1661 20
379 1618 541 1665 annorum
573 1603 606 1665 in
636 1614 745 1680 aetate,
777 1608 852 1672 ideo
882 1609 1060 1690 praedictus
1090 1628 1204 1672 comes
1233 1609 1387 1671 dominus
1416 1607 1586 1688 Johannes
1617 1605 1661 1667 de

308 1715 450 1801 Hungat
476 1721 537 1786 fuit
558 1725 760 1805 gubernator
781 1729 867 1811 regis
893 1740 927 1793 et
957 1729 1048 1809 regni
1075 1727 1280 1810 Hungariae3
1315 1738 1349 1792 et
1379 1728 1537 1810 praedicta
1567 1727 1660 1789 novit

304 1835 455 1903 Thomas
492 1841 689 1927 Gascoigne,
719 1847 937 1913 Eboracensis
972 1849 1121 1925 diocesis,
1150 1859 1288 1912 vocatus
1319 1850 1436 1912 doctor
1464 1845 1659 1928 Theologiae

306 1955 460 2038 Oxoniae‚
475 1963 531 2044 qui
554 1964 625 2030 haec
648 1967 775 2031 audivit
797 1968 830 2031 in
854 1968 999 2045 Oxonia,
1015 1980 1049 2032 et
1065 1969 1150 2033 vidit
1167 1969 1201 2031 in
1224 1968 1326 2033 literis
1347 1969 1496 2051 praedicti
1519 1966 1659 2042 comitis,

304 2078 414 2161 sigillo
443 2102 609 2148 armorum
639 2107 773 2150 suorum
804 2089 962 2171 sigillatis,
987 2099 1021 2154 et
1050 2089 1128 2153 fecit
1158 2110 1344 2153 sermonem
1375 2109 1486 2154 coram
1517 2087 1659 2152 Univer-

303 2198 403 2264 sitate
433 2201 587 2281 Oxoniae,
618 2206 652 2267 in
678 2210 886 2289 processione
919 2210 964 2273 ibi
995 2209 1150 2292 generali,
1181 2219 1316 2274 cantato
1354 2210 1398 2273 ibi
1433 2210 1508 2273 ‘Te
1545 2208 1656 2271 Deum

303 2319 492 2385 laudamus'
522 2346 627 2407 usque
657 2329 691 2391 in
721 2328 829 2407 finem,
856 2329 889 2392 in
916 2329 1053 2394 ecclesia
1083 2330 1192 2393 beatae
1219 2324 1598 2411 Frideswidae'virginis
1622 2338 1658 2391 et

303 2460 371 2505 non
396 2445 473 2507 novi
500 2465 560 2510 nec
586 2448 697 2512 audivi
722 2449 812 2531 quod
838 2449 994 2532 Episcopi
1023 2450 1159 2532 Angliae
1189 2450 1453 2531 praedicaverunt
1483 2449 1656 2512 materiam

301 2560 424 2625 divinae
456 2564 564 2628 laudis
599 2587 658 2649 pro
687 2568 751 2633 hoc
787 2591 909 2652 magno
944 2568 1101 2635 miraculo
1136 2570 1257 2649 divino,
1286 2571 1346 2633 sed
1380 2571 1407 2632 si
1439 2568 1474 2632 hi
1509 2568 1654 2651 episcopi

301 2683 473 2758 tacuerint,
495 2683 622 2768 lapides
636 2688 838 2768 clamabunt,
856 2691 906 2753 i.e.
924 2690 1090 2772 simplices
1107 2688 1224 2753 Xtiani
1246 2691 1366 2767 dicent,
1382 2689 1506 2753 ‘omnis
1520 2688 1656 2770 spiritus

302 2800 416 2866 laudet
438 2804 621 2870 Dominum
641 2809 793 2892 semper.’
838 2811 1019 2875 Praedictus
1042 2811 1160 2874 doctor
1184 2810 1410 2888 Bononiensis,
1437 2818 1560 2881 sanctae
1585 2828 1655 2872 me·

303 2923 416 2987 moriae
445 2926 643 3008 praedicator
670 2939 705 2993 et
734 2930 842 2994 socius
874 2930 988 2995 Sancti
1019 2931 1188 3009 Bemardi,
1214 2951 1303 2994 anno
1333 2931 1393 2994 Xti
1424 2946 1506 3011 1450
1534 2929 1655 2992 Romae

301 3045 497 3125 canonizati,
521 3047 638 3112 doctor
660 3048 831 3131 Johannes
856 3051 900 3115 de
928 3049 1126 3137 Capistrano
1149 3050 1228 3116 fecit
1254 3050 1376 3114 multas
1399 3050 1655 3133 praedicaciones

299 3172 336 3228 et
364 3164 617 3232 reformaciones
646 3171 679 3232 in
703 3191 805 3252 regno
832 3171 945 3236 inclito
973 3171 1156 3254 Hungariae
1182 3172 1226 3235 de
1252 3173 1480 3254 episcoporum
1509 3171 1654 3234 moribus

300 3284 405 3364 malis
427 3295 460 3351 et
482 3287 644 3353 abbatum
668 3300 702 3354 et
723 3291 949 3374 religiosorum
972 3302 1007 3356 et
1027 3293 1245 3371 sacerdotum,
1261 3300 1295 3355 et
1314 3291 1471 3355 laicorum
1493 3290 1652 3372 adjuvan·

300 3406 389 3471 tibus
411 3428 496 3487 eum,
519 3420 554 3472 et
576 3419 689 3474 eontra
712 3412 847 3476 eosdem
870 3412 1125 3477 defendentibus
1148 3433 1223 3476 eum
1247 3413 1391 3477 dominis
1413 3410 1652 3494 temporalibus

298 3529 333 3592 in
358 3528 528 3612 Ungaria3
559 3531 615 3612 qui
642 3532 747 3594 eciam
771 3533 929 3614 praedicat
955 3533 988 3596 in
1015 3554 1116 3617 regno
1141 3534 1288 3598 Boemiae
1315 3533 1457 3595 multum
1483 3532 1653 3595 destructo

297 3669 358 3732 per
385 3647 548 3713 hereticos
577 3649 721 3715 Boemos
753 3652 801 3715 M.
825 3652 1012 3733 Johannem
1038 3654 1150 3718 Husse
1179 3664 1214 3718 et
1244 3674 1303 3736 per
1328 3653 1430 3718 alium
1457 3652 1651 3733 magistrum

296 3769 421 3833 arcium
443 3767 650 3850 Jeronimum
675 3772 718 3835 de
745 3772 851 3854 Praga
877 3775 911 3836 in
936 3794 1038 3857 regno
1066 3774 1221 3853 Boemiae,
1247 3775 1325 3857 quia
1355 3775 1467 3837 nutriti
1494 3782 1587 3836 erant
1616 3771 1651 3834 in

297 3888 395 3954 malis
418 3909 532 3952 eorum
563 3890 725 3955 erroribus
755 3904 790 3956 et
814 3893 984 3957 heresibus
1009 3915 1069 3978 per
1090 3894 1192 3959 libros
1218 3894 1296 3957 mali
1322 3895 1467 3959 doctoris
1488 3891 1652 3974 Johannis

295 4007 437 4092 Wycliff
453 4010 496 4073 de
515 4009 650 4092 Anglia,
667 4031 752 4094 quos
773 4012 874 4077 libros
895 4014 1012 4080 Boemi
1034 4015 1201 4080 scholares
1224 4016 1258 4078 in
1282 4016 1416 4081 Oxonia
1437 4020 1651 4097 portaverunt

297 4132 332 4195 in
361 4129 545 4209 Boemiam,
575 4141 612 4196 ut
641 4140 735 4215 patet
770 4133 804 4196 in
839 4134 923 4198 libro
955 4136 999 4200 de
1027 4138 1129 4220 gestis
1158 4136 1287 4203 concilii
1319 4134 1585 4200 Constanciensis
1615 4141 1650 4196 et

296 4249 488 4319 Basiliensis
517 4271 602 4333 quos
626 4251 704 4317 vidi.
758 4252 805 4317 Et
835 4254 977 4337 pessima
1004 4258 1114 4340 regina
1141 4278 1227 4321 uxor
1253 4255 1292 4341 3³¹
1317 4255 1537 4321 Wenceslavii
1562 4254 1649 4336 regis

963 4375 983 4422 C
