3818 4904
644 427 740 483 LOCI
768 427 797 480 E
827 427 952 481 LIBRO
986 428 1245 484 VERITATUM.
1564 430 1622 497 177

267 644 293 708 si
321 663 475 724 cuperem
502 662 572 706 esse
603 642 817 724 pecuniarum
842 641 1021 705 multarum
1050 643 1183 707 fidelem
1213 645 1459 726 adquisitorem,
1488 640 1624 705 mallem

266 785 339 828 esse
360 764 468 827 bonus
490 773 582 826 sutor
608 782 709 844 quam
733 761 970 825 scientissimus
993 763 1110 828 doctor
1133 766 1165 827 in
1187 764 1321 847 Anglia,
1345 765 1511 828 existente
1533 771 1623 826 statu

267 885 301 949 in
324 883 449 966 Anglia
476 891 512 946 ut
536 893 586 946 est
613 882 780 946 modernis
810 883 1015 964 temporibus
1031 884 1053 960 3'
1083 887 1177 949 testis
1203 889 1291 949 enim
1317 895 1367 949 est
1396 885 1495 949 michi
1519 884 1622 957 Deus,

266 1006 358 1087 quod
382 1003 515 1068 mallem
531 1003 637 1065 bonos
660 1013 694 1066 et
715 1002 826 1084 plures
848 1003 1081 1085 praedicatores
1101 1006 1191 1068 verbi
1209 1006 1272 1068 Dei
1297 1007 1329 1068 in
1350 1005 1474 1088 populo
1490 1003 1625 1086 Angliae

267 1124 478 1206 multiplicari
507 1144 608 1205 quam
631 1143 748 1186 omnes
776 1123 911 1186 divicias
933 1126 1133 1207 temporales
1163 1147 1238 1208 quae
1262 1136 1338 1190 sunt
1361 1146 1437 1189 cum
1461 1125 1626 1190 ditissimo

266 1245 401 1308 homine
423 1242 567 1326 Angliae.
626 1243 701 1306 Deo
724 1263 854 1324 semper
875 1246 1011 1325 gracias,
1034 1267 1141 1321 amen,
1166 1257 1201 1309 et
1223 1247 1331 1309 omnis
1354 1247 1488 1327 spiritus
1510 1245 1624 1308 laudet

267 1366 379 1430 Deum
400 1385 541 1447 semper.
585 1363 709 1427 Amen.

355 1486 401 1549 Et
428 1484 635 1558 Psalterium,
662 1486 854 1566 expositum
884 1494 918 1548 et
948 1487 1106 1568 scripturn
1132 1508 1231 1550 manu
1263 1508 1323 1550 sua
1353 1487 1495 1570 propria,
1523 1487 1625 1568 regis-

265 1616 372 1672 tratur
396 1605 541 1670 Oxoniae
564 1602 623 1690 (sc.
640 1601 872 1690 Grosseteste),
896 1607 982 1670 inter
1010 1606 1127 1670 fratres
1158 1610 1309 1683 minores,
1334 1607 1521 1690 Episcopus
1545 1607 1625 1669 Lin-

266 1727 352 1791 coln.
374 1727 416 1790 d:
438 1735 472 1790 et
496 1725 693 1789 Psalterium
717 1746 823 1802 suum,
842 1728 932 1808 quod
955 1747 1021 1789 non
1044 1728 1198 1792 scribitur
1220 1748 1319 1791 manu
1344 1727 1476 1810 propria
1497 1727 1624 1789 domini

267 1846 517 1925 LincolniensiS,
540 1847 734 1929 registratur
757 1847 889 1925 ibidem,
913 1847 1099 1930 Episcopus
1123 1848 1273 1912 Lincoln.
1295 1848 1328 1910 ff.

353 1976 477 2044 [12352]
521 1974 742 2031 Poenitenoia.
789 1967 828 2029 In
859 1968 1012 2031 omnibus
1038 1968 1101 2031 hiis
1131 1989 1206 2050 quae
1237 1969 1391 2032 dicuntur
1417 1978 1532 2033 contra
1559 1968 1624 2051 Sy-

266 2089 412 2152 moniam
437 2108 503 2150 non
527 2096 763 2151 convertuntur
785 2087 986 2169 Symoniaci.
1033 2089 1071 2151 In
1095 2089 1248 2151 omnibus
1270 2088 1333 2152 hiis
1360 2110 1435 2171 quae
1459 2090 1623 2165 dicuntur,

266 2231 333 2279 non
354 2211 537 2273 residentes
558 2210 591 2272 in
613 2230 726 2273 eorum
749 2210 834 2273 curis
855 2219 888 2273 et
911 2219 1026 2273 contra
1049 2211 1333 2293 appropriationes
1355 2210 1565 2274 ecclesiarum
1590 2221 1624 2275 et

266 2331 436 2413 indignam
468 2331 684 2395 collacionem
716 2332 839 2414 gradus
867 2331 1055 2395 scholastici
1084 2333 1116 2394 in
1144 2333 1412 2395 universitatibus
1439 2333 1623 2395 studiorum

264 2448 347 2535 (sic),
365 2473 431 2515 non
453 2461 529 2514 sunt
549 2452 697 2515 conversi
719 2453 752 2513 in
774 2461 846 2515 toto
868 2453 968 2515 corde
983 2472 1052 2529 suu,
1069 2461 1119 2514 set
1135 2453 1168 2513 in
1186 2453 1368 2515 mendacio
1418 2452 1448 2516 O
1471 2451 1621 2532 Symonl

266 2570 416 2653 Symon!
448 2573 504 2636 i.e.
529 2572 701 2653 Symonia,
722 2572 830 2636 habeo
853 2572 913 2635 tibi
936 2572 1060 2654 aliquid
1085 2573 1201 2647 dicere,
1220 2574 1278 2635 sed
1302 2571 1388 2635 sorte
1409 2573 1491 2635 dicis
1515 2571 1622 2650 michi,

265 2693 456 2776 ‘Magisten
477 2695 539 2765 dic,
560 2695 579 2756 i.
593 2715 621 2756 e.
645 2695 737 2757 dicas
760 2715 837 2775 quae
863 2695 920 2770 viS,
945 2695 1032 2774 quia,
1057 2714 1123 2757 non
1150 2715 1267 2758 curans
1294 2695 1336 2758 de
1364 2694 1480 2773 verbis,
1503 2693 1623 2757 faciam

265 2825 302 2879 ut
328 2812 412 2879 seci'
458 2815 489 2879 O
512 2814 694 2897 Symonial
720 2826 803 2897 quot
827 2826 942 2879 sancta
967 2817 1097 2897 ingenia
1122 2825 1312 2879 sanctorum
1333 2817 1507 2879 doctorum
1526 2816 1623 2879 desu-

264 2938 377 3001 dando
406 2937 639 3001 laboraverunt
669 2937 842 3000 scribendo
872 2947 987 3000 contra
1017 2946 1060 3014 te,
1091 2947 1124 3001 et
1154 2946 1269 3001 contra
1302 2936 1413 3001 literas
1443 2947 1478 3001 et
1507 2957 1622 3020 preces

265 3059 484 3135 dominorum,
510 3060 566 3141 qui
594 3060 701 3140 magis
723 3069 920 3140 promovent
946 3057 1116 3121 hominem
1139 3067 1172 3121 et
1195 3059 1366 3122 conferunt
1390 3060 1419 3121 ei
1442 3059 1623 3140 dignitates

265 3186 299 3242 et
332 3180 440 3244 officia
474 3200 534 3263 pro
570 3179 688 3243 litteris
717 3179 891 3242 hominum
921 3199 1021 3260 quam
1051 3199 1112 3261 pro
1142 3177 1258 3242 litteris
1290 3178 1354 3241 Dei
1392 3179 1424 3241 in
1460 3180 1621 3260 scriptura

263 3320 366 3378 sacra,
389 3309 423 3364 et
444 3301 619 3383 praeceptis
643 3301 716 3379 Dei,
740 3303 796 3383 qui
820 3301 969 3382 praecipit
993 3300 1085 3362 illum
1109 3301 1184 3383 eligi
1207 3301 1263 3382 qui
1286 3310 1337 3364 est
1359 3311 1550 3383 assumptus
1576 3299 1620 3363 ab

264 3421 463 3498 hominibus,
491 3423 544 3488 ie.
572 3432 744 3506 separatus
771 3424 814 3487 ab
845 3423 1034 3504 ignorancia
1059 3430 1093 3485 et
1124 3423 1298 3486 mundanis
1325 3421 1620 3505 occupacionibus3

263 3543 322 3606 sed
353 3544 386 3605 in
413 3545 566 3607 omnibus
595 3544 659 3606 hiis
690 3565 756 3607 non
785 3554 860 3606 sunt
887 3543 1033 3607 conversi
1060 3544 1102 3605 ad
1129 3543 1238 3605 Deum
1266 3544 1299 3604 in
1325 3551 1398 3606 toto
1424 3543 1523 3606 corde
1549 3561 1619 3614 suo,

263 3664 322 3728 sed
345 3665 378 3729 in
400 3666 575 3730 mendacio
586 3650 768 3742 simoniaci,
784 3675 818 3728 et
841 3665 925 3727 tales
945 3663 1157 3728 ecclesiarum
1176 3676 1209 3727 et
1230 3663 1411 3726 officiorum
1429 3662 1619 3740 collatores3

264 3786 383 3852 litterae
414 3789 502 3851 enim
534 3798 568 3852 et
597 3788 697 3852 verba
727 3788 936 3852 dominorum
963 3806 1023 3868 pro
1053 3786 1165 3867 aliquo
1195 3785 1421 3866 promovendo
1449 3784 1503 3847 vel
1532 3783 1620 3847 ordi-

264 3910 374 3972 nando
402 3910 433 3971 in
460 3908 598 3973 ecclesia
625 3918 733 3974 essent
758 3910 871 3991 pocius
897 3929 973 3971 vere
999 3906 1215 3972 testificancia
1241 3907 1425 3983 scienciam,
1451 3908 1563 3983 vitam,
1587 3917 1621 3970 et

264 4031 381 4094 merita
404 4051 562 4113 personae,
587 4040 620 4094 et
642 4031 849 4094 voluntatem
877 4030 1035 4093 fervidam
1058 4029 1193 4113 regendi
1221 4027 1305 4091 tales
1331 4027 1482 4090 homines
1505 4029 1539 4088 in
1560 4026 1621 4091 tali

263 4151 420 4235 parochia
448 4173 504 4215 seu
531 4153 653 4217 diocesi
674 4174 776 4236 quam
803 4152 1037 4236 supplicatoria
1062 4150 1115 4215 vel
1140 4150 1324 4214 minatoria.
1369 4149 1450 4212 Vita
1476 4150 1563 4213 enim
1587 4159 1621 4214 et

263 4274 404 4339 sciencia
431 4284 464 4338 et
489 4274 577 4338 salus
603 4276 788 4341 animarum
816 4285 987 4341 moverent
1013 4275 1165 4338 homines
1187 4273 1230 4336 ad
1258 4271 1493 4337 conserendum
1518 4273 1621 4338 eccle-

910 4394 934 4440 A
952 4400 971 4442 a
