3818 4904
156 380 163 394 ‘
280 399 340 461 126
656 404 754 458 Loci
780 404 809 455 a
838 403 962 456 erano
998 403 1253 457 VERJTATUM.

276 621 435 681 bonorum
463 639 596 681 suorum
622 617 792 680 mobilium
820 616 971 678 dederint
994 616 1154 679 militibus
1173 616 1216 679 de
1241 615 1347 677 insula
1374 614 1416 676 de
1441 613 1560 694 Rodys
1583 613 1626 675 ad

275 739 460 804 laciendum
481 739 525 801 ibi
545 759 647 801 unum
664 758 794 800 murum
809 736 1013 800 defensivum
1030 746 1144 800 contra
1160 737 1295 814 Turcos,
1311 736 1396 799 sicut
1412 735 1440 796 F
1442 734 1627 816 rancigenae

275 862 320 925 ibi
345 862 500 937 iecerunt,
517 870 550 924 et
570 861 672 924 eciam
689 859 848 922 concessit
870 858 1094 920 remissionem
1116 867 1149 920 et
1173 857 1397 939 indulgencias
1418 859 1495 922 anni
1513 858 1627 939 jubilei

275 983 440 1059 vocaliter,
459 985 494 1045 et
515 1002 570 1043 ore
594 1002 655 1042 suo
678 978 815 1060 protulit
840 979 988 1042 contritis
1012 988 1045 1042 et
1068 978 1227 1043 confessis
1252 979 1285 1040 in
1308 978 1364 1041 illo
1386 1000 1475 1042 anno
1498 979 1553 1061 qui
1577 989 1628 1043 tot

276 1103 432 1185 pecunias
452 1104 569 1166 darent
585 1101 743 1164 militibus
760 1098 874 1163 insulae
892 1100 979 1163 Rodi
1001 1109 1081 1181 quot
1096 1100 1253 1181 pecunias
1272 1102 1499 1180 expenderent
1520 1102 1629 1164 eundo

278 1233 312 1287 et
349 1224 516 1286 redeundo
554 1223 597 1286 ad
630 1222 773 1284 Romam
805 1232 838 1285 et
871 1244 891 1284 a
926 1222 1045 1298 Roma,
1078 1230 1112 1283 et
1146 1221 1270 1302 judicio
1307 1220 1450 1302 plurium
1485 1221 1628 1285 virorum

278 1365 408 1427 magnae
433 1344 610 1408 abusiones
639 1343 863 1424 sequebantur
890 1363 933 1405 ex
965 1342 1035 1405 istis
1065 1341 1290 1423 indulgenciiS‚
1317 1362 1393 1404 nam
1424 1341 1523 1423 aliqui
1554 1342 1629 1405 dix·

277 1475 381 1542 erunt,
397 1464 478 1527 ‘Pro
500 1484 565 1526 uno
587 1484 703 1546 grosso
723 1462 831 1526 habeo
852 1462 1077 1545 indulgencias
1100 1461 1191 1536 talea,
1209 1472 1241 1525 et
1261 1462 1332 1543 jam
1354 1484 1419 1526 non
1440 1484 1517 1527 curo
1540 1465 1630 1546 quod

277 1607 350 1669 ago,
365 1585 443 1667 quia
459 1585 569 1648 Roma
588 1594 638 1647 est
663 1584 706 1647 ad
726 1583 872 1647 hostium
892 1604 1010 1660 meum,
1035 1593 1068 1646 et
1089 1604 1148 1664 per
1167 1583 1321 1647 facillima
1343 1585 1453 1648 media
1473 1596 1509 1650 et
1530 1607 1630 1670 opera

276 1706 409 1772 habebo
431 1705 657 1787 indulgencias
680 1704 854 1786 cujuslibet
877 1704 983 1785 culpae
1007 1714 1040 1767 et
1060 1704 1190 1785 poenae.’

364 1835 424 1901 [lu]
469 1826 546 1890 Scio
568 1825 721 1889 homines
747 1847 803 1888 seu
827 1846 984 1907 personas
1010 1824 1165 1888 habuisse
1187 1825 1314 1889 litteras
1340 1827 1501 1909 sigillatas
1524 1829 1632 1892 indul·

277 1949 403 2030 genciae
430 1945 571 2030 Eugenii
602 1967 698 2028 papae
729 1966 788 2027 per
815 1945 948 2009 Petrum
978 1947 1021 2009 de
1053 1946 1179 2022 Monte,
1205 1957 1340 2029 propter
1368 1948 1487 2011 salsam
1516 1949 1633 2031 volup·

278 2079 384 2132 tatem
409 2068 515 2132 carnis
542 2069 708 2144 usitatam,
735 2077 768 2131 et
792 2077 928 2150 propter
954 2067 1069 2129 ludum
1092 2068 1135 2130 ad
1166 2068 1277 2149 pilam,
1302 2068 1380 2150 quia
1410 2069 1437 2131 si
1464 2070 1632 2134 conferens

280 2188 562 2272 indulgenciamm
584 2188 709 2252 litteras
732 2189 886 2270 perderet
908 2187 1022 2250 ludum
1044 2188 1086 2249 ad
1108 2187 1222 2270 pilam,
1236 2197 1315 2252 tunc
1338 2189 1371 2251 in
1390 2189 1463 2254 loco
1483 2190 1632 2273 pecuniae

279 2331 380 2392 quam
410 2311 456 2374 sic
488 2309 634 2374 ludendo
664 2310 817 2392 perdidit,
842 2310 936 2372 dedit
969 2310 1058 2372 socio
1088 2329 1157 2385 suo,
1188 2330 1264 2373 cum
1294 2332 1361 2392 quo
1391 2310 1477 2389 lusit,
1508 2310 1634 2376 litteras

279 2431 439 2513 sigillatas
464 2431 747 2514 indulgenciamm
775 2449 1002 2494 concessarum
1029 2450 1050 2492 a
1076 2449 1164 2511 papa
1186 2430 1361 2513 Eugeni03
1388 2441 1423 2496 et
1445 2432 1521 2496 novi
1544 2434 1633 2515 quod

279 2552 476 2615 circueundo
506 2573 565 2634 per
600 2553 741 2634 patriam
772 2550 964 2614 vendebant
994 2549 1120 2613 litteras
1155 2550 1315 2632 sigillatas
1345 2552 1387 2615 de
1418 2552 1634 2635 indulgenciis

279 2673 312 2735 in
337 2671 477 2736 calathis
504 2693 588 2753 quos
615 2693 739 2738 secum,
754 2672 932 2751 portabant
957 2671 999 2733 ad
1020 2671 1242 2734 vendendum.
1288 2671 1404 2735 Simon
1426 2675 1513 2736 enim
1533 2674 1635 2737 male·

280 2792 387 2856 dictus
409 2792 512 2856 suita
540 2794 614 2857 Deo
641 2802 674 2856 et
701 2803 849 2856 mortuus
872 2793 982 2856 subito
1008 2792 1121 2855 statim
1144 2800 1221 2873 post
1247 2793 1347 2856 verba
1369 2794 1512 2875 apostoli
1537 2795 1633 2874 Petri,

280 2913 357 2995 quia
387 2913 511 2975 donum
539 2913 602 2976 Dei
636 2914 839 2977 existimavit
867 2934 926 2994 pro
949 2915 1088 2994 pecunia
1111 2912 1279 2994 possideri,
1303 2922 1336 2976 et
1359 2913 1482 2992 haberi,
1506 2924 1540 2977 et
1562 2925 1634 2978 turn

281 3054 347 3096 non
372 3037 480 3115 potuit
503 3035 641 3116 pecunia
661 3055 732 3097 esse
751 3035 888 3116 dignum
910 3035 1058 3116 precium
1080 3034 1159 3096 doni
1177 3034 1250 3110 Dei,
1266 3034 1324 3096 sed
1346 3035 1540 3098 sacrificium
1559 3037 1634 3100 Deo

281 3154 413 3238 spiritus
437 3154 684 3232 contribulatus
708 3156 726 3218 i.
738 3177 766 3217 e.
790 3154 970 3232 dolorosus‚
994 3174 1053 3236 pro
1076 3154 1208 3217 offensis
1231 3165 1347 3218 contra
1364 3156 1474 3219 Deum
1497 3155 1602 3220 sactis.

368 3285 401 3350 [p.
423 3284 493 3352 629]
537 3283 708 3339 Infernus.
756 3276 840 3340 Haec
863 3275 1017 3339 dominus
1035 3274 1278 3339 Lincolniensis
1301 3297 1399 3340 manu
1423 3297 1481 3338 sua
1499 3263 1636 3359 'propria

281 3416 380 3477 super
402 3406 544 3474 textum,
565 3397 654 3478 quod
675 3398 832 3477 scriptum
856 3417 952 3460 suum
974 3397 1041 3459 vidi
1064 3417 1152 3459 anno
1176 3397 1236 3460 Xti
1260 3408 1350 3475 1455,
1368 3406 1401 3459 et
1424 3398 1522 3461 credo
1545 3399 1635 3480 quod

281 3537 382 3598 opera
419 3517 544 3580 domini
586 3517 828 3581 Lincolniensis
864 3519 1009 3582 doctoris
1049 3517 1188 3580 Roberti
1227 3516 1407 3595 Grosetest,
1445 3539 1521 3599 quae
1558 3519 1636 3597 vidi,

281 3637 404 3719 scripta
431 3657 531 3700 manu
562 3638 693 3719 propria
717 3659 774 3701 seu
800 3640 932 3721 propria
956 3640 1116 3722 scriptura
1146 3640 1247 3721 ipsius
1274 3639 1426 3716 doctoris,
1451 3640 1637 3702 extendunt

281 3778 318 3820 se
340 3758 373 3819 in
393 3756 517 3838 judicio
541 3779 616 3822 meo
643 3759 686 3822 ad
712 3760 933 3841 quantitatem
956 3760 1102 3824 doctoris
1125 3759 1179 3823 De
1206 3760 1297 3841 Lyra
1319 3779 1419 3842 super
1441 3759 1636 3842 scripturam

281 3897 418 3942 sacram.

369 4008 404 4074 [p.
423 4007 493 4072 640]
538 3999 616 4063 Vidi
643 4022 717 4084 ego,
738 4002 886 4065 Thomas
910 4001 1106 4085 Gascoigne,
1129 4002 1228 4065 miser
1258 4001 1420 4081 sacerdos,
1443 4000 1507 4066 hoc
1536 4001 1638 4084 scrip·

282 4127 354 4181 tum
377 4140 472 4181 suum
496 4141 595 4202 super
614 4121 819 4201 Psalterium,
835 4124 966 4205 propria
990 4144 1089 4186 manu
1111 4144 1169 4187 sua
1192 4123 1358 4204 scriptum,
1373 4133 1407 4186 et
1428 4132 1477 4186 est
1494 4121 1637 4186 Oxoniae

285 4241 369 4303 inter
398 4239 513 4305 iratres
547 4244 690 4307 minores
720 4254 753 4308 et
783 4246 975 4327 registratur
1005 4245 1049 4310 ibi
1081 4244 1135 4308 ille
1172 4244 1254 4308 liber
1281 4243 1443 4327 Epistolae
1468 4243 1561 4308 Pauli
1589 4241 1637 4307 A.
