3818 4904
676 440 775 496 LOCI.
801 440 829 493 E
858 440 982 495 LIBRO
1018 441 1276 496 VERITATUM.
1614 453 1648 499 21

303 652 369 717 flua
394 653 664 718 monasteriorum
689 654 854 718 retrahere
880 664 913 718 et
940 657 1119 719 concedere
1142 656 1263 719 curatis
1289 654 1526 736 parochialium
1552 654 1655 720 eccle·

303 774 448 853 siarum;
487 775 571 839 sicut
601 777 739 839 retraxit
775 776 854 838 olim
884 775 1250 858 superhabundanciam
1282 775 1427 839 ecclesiae
1459 775 1655 857 parochialis

303 905 336 958 et
360 896 451 959 dedit
475 895 564 971 illam
586 898 707 961 sanctis
727 896 803 959 viris
824 896 991 979 religiosis,
1006 897 1084 979 quia
1106 897 1244 960 decimae
1267 906 1300 960 et
1323 897 1511 960 oblaciones
1534 898 1655 962 debitae

304 1015 434 1080 suerunt
464 1017 689 1082 sacerdotibus
720 1018 980 1081 ministrantibus
1011 1019 1192 1081 necessaria
1224 1017 1348 1100 populo
1379 1027 1412 1081 et
1449 1039 1515 1081 non
1548 1018 1655 1082 solum

303 1157 363 1218 pro
384 1139 517 1220 populo
563 1137 676 1202 Curati
701 1139 788 1202 enim
809 1140 917 1216 verb0‚
932 1139 1028 1215 sact0,
1053 1139 1202 1202 doctrina
1226 1150 1259 1202 et
1283 1138 1416 1216 auxilio,
1440 1149 1473 1203 et
1495 1139 1654 1216 oracione,

303 1267 338 1321 ct
367 1270 646 1324 sacramentorum
675 1259 916 1324 ministracione
943 1260 1126 1324 necessaria
1155 1258 1252 1322 saluti
1279 1259 1463 1322 animarum
1492 1260 1656 1323 ministra·

303 1388 376 1442 rent
407 1379 531 1462 populo
561 1389 595 1442 et
622 1399 681 1461 pro
709 1377 841 1460 populo
869 1387 901 1442 et
928 1377 1079 1442 homines
1106 1379 1153 1441 eis
1179 1379 1330 1442 subditos
1354 1381 1572 1443 accenderent
1596 1400 1656 1442 sua

284 1497 424 1564 ‘devota
450 1500 602 1564 oracione
624 1509 658 1564 et
681 1496 837 1580 exemplo
864 1509 996 1563 ostenso
1024 1500 1079 1562 eis,
1126 1499 1195 1562 Alii
1221 1511 1333 1565 autern
1362 1500 1504 1583 religiosi
1531 1499 1656 1581 populo

304 1619 500 1703 proficerent
526 1622 660 1698 orande,
685 1631 718 1683 et
745 1622 903 1684 merendo
933 1641 993 1702 pro
1023 1620 1156 1702 populo,
1182 1621 1286 1684 curati
1317 1632 1428 1684 autem
1459 1621 1657 1702 proficerent

303 1743 427 1824 populo
442 1744 576 1820 orando,
592 1752 625 1806 et
641 1744 819 1824 operand0,
835 1762 895 1823 pro
911 1742 966 1818 eis,
983 1751 1017 1806 et
1033 1762 1143 1805 coram
1160 1742 1215 1819 eis,
1232 1752 1265 1806 et
1281 1743 1329 1804 eis
1346 1742 1526 1805 necessaria
1541 1744 1656 1806 salutis

303 1863 525 1942 conserend0;
560 1875 592 1928 et
620 1864 741 1927 curatis
768 1873 845 1927 sunt
873 1864 1010 1927 decimae
1035 1874 1068 1928 et
1094 1862 1282 1927 oblaciones
1309 1864 1432 1927 debitae
1457 1886 1501 1927 ex
1529 1866 1656 1929 ratione

303 1994 337 2046 et
357 2005 402 2047 ex
422 1982 501 2066 lege.

316 2158 324 2175 ,
391 2113 425 2180 [p.
445 2113 515 2180 332]
551 2105 619 2170 Iste
650 2105 757 2169 malus
793 2127 869 2168 usus
903 2105 1064 2169 retinendi
1095 2117 1225 2170 curatos
1255 2107 1288 2168 in
1318 2106 1432 2170 officiis
1463 2127 1576 2189 regum
1607 2127 1656 2170 re-

304 2224 518 2308 prehenditur
539 2247 559 2288 a
582 2237 697 2290 sancto
720 2225 852 2289 Thoma
880 2223 1119 2304 cantuariensi,
1142 2228 1197 2309 qui
1223 2227 1329 2291 lactus
1355 2228 1529 2310 episcopus
1556 2228 1657 2310 resig-

303 2348 394 2411 navit
428 2348 571 2411 officium
606 2346 818 2412 Cancellariae
850 2346 994 2429 Angliae‚
1026 2349 1178 2429 quamvis
1213 2370 1273 2411 rex
1309 2348 1443 2430 Angliae
1476 2350 1563 2413 dixit
1595 2349 1656 2412 sibi

304 2467 394 2549 quod
417 2469 591 2550 episcopus
615 2469 647 2530 in
671 2468 811 2533 Francia
833 2468 893 2531 luit
916 2467 1129 2532 cancellarius
1148 2489 1224 2532 cum
1248 2489 1324 2550 rege
1348 2468 1495 2533 Franciae
1518 2480 1551 2532 et
1573 2470 1657 2533 alius

302 2589 477 2670 episcopus
501 2609 575 2652 cum
599 2590 797 2671 imperatore
820 2588 1018 2652 Alemaniae.

391 2709 478 2773 Item
503 2720 637 2773 sanctus
661 2709 825 2773 Martinus
848 2709 1052 2772 Turonensis
1077 2711 1359 2791 episcopusdixit
1384 2710 1506 2774 Caesari
1531 2709 1657 2788 Galliae,

304 2829 459 2894 Maximo
482 2831 636 2893 nomine:
664 2830 720 2894 ‘Si
744 2827 910 2913 episcopi‚’
932 2830 1047 2912 inquit,
1071 2834 1146 2894 ‘tuo
1167 2831 1262 2894 lateri
1282 2842 1316 2894 et
1340 2831 1437 2895 curiae
1458 2831 1658 2910 assistentes,

303 2950 336 3014 in
359 2951 427 3014 suis
450 2952 535 3015 curis
559 2961 592 3015 et
617 2951 803 3015 diocesibus
827 2961 914 3015 recte
940 2952 1162 3016 ministrarent
1186 2962 1219 3014 et
1243 2973 1302 3015 sua
1324 2953 1430 3016 officia
1454 2952 1656 3034 perficerent,

303 3081 354 3135 tot
378 3071 465 3134 mala
489 3072 696 3136 reformanda
720 3074 752 3135 in
776 3083 834 3137 tuo
857 3093 959 3155 regno
982 3093 1048 3136 non
1074 3070 1200 3136 essent’
1245 3072 1414 3137 Absencia
1435 3076 1522 3137 enim
1547 3085 1657 3138 nautae

303 3202 353 3256 cst
376 3213 476 3258 causa
498 3194 750 3275 periclitationis
771 3196 864 3257 navis
888 3216 931 3257 ex
955 3195 1146 3258 testimonio
1169 3193 1355 3276 philosophi
1378 3196 1411 3257 in
1434 3195 1583 3276 politicis.

390 3324 425 3391 [p.
452 3325 522 3390 331]
561 3317 647 3380 Item
677 3318 808 3380 videtur
834 3317 903 3399 jam
939 3318 973 3380 in
1006 3337 1073 3380 uno
1109 3337 1220 3398 regn0,
1251 3317 1307 3379 ubi
1343 3328 1420 3380 sunt
1450 3317 1560 3398 plures
1586 3317 1656 3398 jam

303 3438 449 3520 episcopi
473 3439 505 3501 in
527 3438 642 3502 officiis
658 3440 743 3521 regis
764 3439 925 3520 occupati,
941 3440 1030 3520 quod
1054 3438 1158 3502 multa
1180 3438 1268 3501 mala
1289 3449 1438 3502 crescunt
1452 3441 1485 3501 in
1502 3458 1602 3521 regno
1623 3451 1657 3501 et

304 3560 337 3622 in
358 3559 424 3622 suis
447 3559 633 3623 diocesibus
655 3580 714 3641 per
733 3581 845 3622 eorum
867 3560 1056 3623 absenciam
1079 3570 1113 3623 et
1135 3559 1309 3637 delectum,
1324 3571 1358 3623 et
1375 3580 1479 3642 pauca
1493 3559 1546 3622 vel
1567 3559 1657 3640 nulla

304 3680 393 3744 mala
422 3692 663 3762 cognoscuntur
689 3702 762 3745 esse
792 3681 969 3745 reformata
1000 3683 1032 3744 in
1063 3702 1174 3763 regn0,
1200 3682 1352 3763 quamvis
1377 3691 1454 3743 sunt
1484 3682 1516 3743 in
1543 3681 1657 3744 officiis

304 3802 395 3882 regni
423 3812 457 3866 et
482 3802 515 3863 in
540 3802 684 3866 consiliis
711 3823 835 3884 regum.
883 3803 920 3867 Si
947 3803 1035 3866 enim
1063 3823 1122 3884 pro
1150 3801 1296 3865 Domino
1322 3801 1509 3878 militarent,
1534 3801 1657 3865 fructus

304 3943 444 4004 magnus
468 3922 588 3986 laboris
609 3944 723 3986 eorum
746 3934 920 4005 appareret
943 3934 977 3986 et
1000 3934 1215 4006 permaneret.

392 4052 425 4119 [p.
442 4052 512 4118 333]
546 4043 708 4107 Henricus
731 4055 868 4126 quartus
893 4065 952 4106 rex
974 4043 1108 4127 Angliae
1133 4045 1285 4126 quaesivit
1307 4045 1351 4107 ab
1375 4044 1529 4108 Henrico.
1544 4045 1658 4110 Bowet

303 4164 551 4246 archiepiscopo
575 4165 732 4243 Eborum‚
754 4162 875 4247 ‘Quae‚'
896 4167 1012 4247 inquit,
1030 4169 1099 4229 ‘est
1122 4187 1220 4230 causa
1243 4186 1343 4247 quare
1367 4166 1512 4248 episcopi
1530 4166 1601 4248 jam
1625 4168 1657 4229 in

302 4287 421 4351 diebus
451 4286 571 4349 nostris
598 4306 663 4349 non
694 4286 929 4351 transferantur
959 4297 1035 4369 post
1069 4296 1211 4352 mortem
1243 4307 1337 4349 suam
1368 4297 1502 4370 propter
1531 4288 1658 4352 famosa
