3818 4904
291 393 350 440 112
669 388 768 444 LOCI
793 389 823 443 E
852 388 974 443 LIBRO
1009 386 1267 442 VERITATUM.

290 607 394 672 orant,
412 609 445 662 et
460 601 583 678 vivunt,
600 623 639 664 eo
655 602 744 683 quod
761 622 826 665 non
843 601 967 664 habent
984 600 1189 682 exemplum,
1206 597 1398 669 doctrinam,
1413 605 1445 659 et
1462 595 1643 658 subsidium

291 716 370 780 boni
394 722 539 796 rectoris,
558 732 693 804 propter
715 743 789 804 quae
810 723 872 785 tria
895 722 1033 785 decimae
1057 731 1090 784 et
1109 721 1196 783 bona
1220 718 1366 782 ecclesiae
1389 738 1409 780 a
1432 718 1506 780 Deo
1525 714 1645 780 collata

291 835 423 902 fuerunt
449 841 584 905 habenti
616 865 727 907 curam
758 852 792 906 et
822 842 1037 905 ministerium
1067 841 1183 904 salutis
1214 835 1416 901 animarum!
1463 837 1494 902 Ο
1522 846 1646 919 quanta

291 957 379 1022 bona
411 970 444 1023 et
474 962 628 1026 virtuosae
660 964 871 1044 operaciones
906 964 938 1025 in
970 971 1094 1026 rectore
1125 971 1158 1024 et
1190 960 1223 1022 in
1253 959 1394 1021 subditis
1426 956 1644 1029 retrahuntur,

291 1098 352 1160 per
380 1081 643 1147 subtraccionem
674 1085 837 1147 bonorum
871 1083 1009 1160 illorum,
1039 1103 1114 1165 quae
1150 1080 1243 1143 alteri
1281 1079 1356 1142 loco
1385 1079 1646 1160 appropriantur,

292 1199 416 1278 debita,
438 1203 571 1279 scilicet,
595 1215 875 1268 sacramentorum
906 1202 1160 1276 administracio‚
1186 1199 1277 1263 verbi
1309 1199 1371 1262 Dei
1403 1208 1436 1262 et
1466 1198 1646 1260 voluntatis

293 1319 358 1383 Dei
399 1323 537 1403 agnicio,
574 1325 652 1387 boni
690 1324 961 1407 exemplificacio,
1002 1323 1206 1404 agendorum
1249 1320 1445 1394 consiliacio,
1484 1319 1645 1382 malorum

293 1439 493 1520 reformaci0‚
516 1445 678 1508 bonorum
704 1445 948 1526 multiplicacio‚
972 1443 1193 1524 indigencium
1221 1461 1279 1523 per
1308 1439 1570 1521 hospitalitatem
1598 1458 1647 1501 re·

293 1558 403 1635 leccio‚
432 1583 614 1645 pauperum
642 1564 815 1627 scolarium
838 1566 881 1628 ad
907 1564 1053 1628 studium
1080 1561 1268 1626 exhibicio!
1315 1560 1403 1622 Novi
1429 1559 1517 1622 enirn
1545 1578 1646 1622 unum

294 1691 463 1757 rectorem,
485 1684 551 1765 qui,
575 1705 618 1747 ex
639 1684 736 1748 bonis
759 1686 854 1748 unius
879 1684 1034 1760 ecclesia,
1061 1703 1161 1765 quam
1189 1681 1318 1744 unicam
1344 1680 1469 1758 habuit,
1495 1679 1648 1744 exhibuit

293 1802 336 1863 ad
366 1802 491 1866 scolam
523 1815 556 1868 et
586 1805 630 1867 ad
660 1806 808 1867 studium
837 1803 953 1885 viginti
981 1803 1127 1885 juvenes,
1158 1811 1190 1865 et
1221 1800 1298 1864 fecit
1328 1801 1417 1882 ipsos
1449 1802 1646 1865 sacerdotes.

294 1920 326 1985 Ο
352 1933 476 2003 quanta
502 1924 589 1988 bona
620 1934 731 1988 essent
762 1926 794 1987 in
825 1924 889 1987 illis
915 1924 1103 1986 hominibus
1131 1921 1241 1985 fienda
1271 1931 1304 1984 et
1335 1940 1393 2002 per
1423 1921 1504 1998 illos,
1527 1921 1647 2003 quibus

294 2041 358 2105 ista
380 2042 469 2106 bona
492 2044 701 2108 ecclesiarum
725 2044 962 2126 parochialium
985 2042 1246 2125 appropriantur,
1270 2042 1421 2124 eoquod
1444 2051 1515 2107 tam
1537 2042 1648 2123 plures

293 2173 388 2226 actus
414 2165 491 2227 boni
521 2166 563 2229 de
590 2166 710 2247 quibus
741 2165 929 2247 praedicitur
953 2184 1012 2246 per
1037 2163 1138 2228 talem
1165 2162 1471 2245 appropriacionem
1496 2162 1648 2226 ecclesia-

295 2303 368 2347 rum
390 2285 604 2349 destruuntur
626 2287 659 2348 in
681 2286 753 2349 aliis
774 2285 874 2349 locis!
922 2284 952 2349 Ο
976 2284 1036 2347 viri
1060 2284 1200 2366 religiosi
1224 2294 1257 2347 et
1285 2284 1457 2364 collegiati,
1480 2284 1513 2346 in
1536 2282 1648 2347 cathe-

294 2403 440 2467 dralibus
463 2404 628 2469 ecclesiis!
652 2416 777 2488 quanta
800 2407 887 2469 bona
911 2414 944 2468 et
967 2415 1081 2468 sancta
1104 2424 1203 2487 opera
1226 2403 1384 2481 faceretis,
1407 2405 1485 2486 quia
1508 2424 1567 2486 per
1587 2425 1648 2468 vos
1680 2446 1683 2451 ,

294 2534 347 2588 tot
376 2527 463 2588 bona
494 2548 593 2609 opera
620 2528 778 2610 praedicta
804 2528 836 2591 in
862 2526 1010 2610 pluribus
1040 2525 1202 2608 parochiis
1232 2526 1452 2604 destruuntur,
1476 2546 1536 2607 per
1562 2527 1649 2590 bona

294 2645 389 2708 vobis
414 2648 634 2728 appropriata,
661 2657 694 2712 et
721 2649 763 2711 ab
792 2647 854 2709 illis
882 2647 961 2711 locis
986 2645 1137 2722 alienata,
1162 2667 1236 2728 quae
1263 2647 1401 2710 fuissent
1426 2647 1490 2711 illis
1515 2648 1548 2710 in
1571 2649 1649 2711 sub·

296 2765 417 2829 sidium
447 2766 589 2848 plurium
613 2769 775 2832 bonorum
806 2788 952 2850 operum,
976 2768 1003 2830 si
1033 2768 1157 2830 bonum
1189 2777 1349 2832 rectorem
1379 2768 1572 2832 habuissent
1605 2770 1648 2833 ad

296 2887 487 2968 regendum.
547 2888 641 2952 Bona
671 2889 759 2953 enim
789 2888 986 2971 temporalia
1021 2887 1167 2952 ecclesiae
1198 2889 1322 2953 donata
1351 2899 1429 2954 sunt
1459 2911 1480 2953 a
1510 2890 1585 2955 Deo
1615 2890 1649 2954 in

295 3007 458 3071 auxilium
490 3017 523 3073 et
554 3009 587 3071 in
618 3008 929 3090 multiplicacionem
954 3010 1116 3098 bonorum
1147 3010 1374 3091 spiritualium.
1418 3013 1543 3077 Videas
1570 3031 1649 3095 ergo

295 3129 385 3210 quod
408 3149 467 3212 per
489 3129 590 3193 talem
611 3130 917 3213 appropriacionem
941 3129 1088 3194 ecclesiae
1108 3130 1196 3194 bona
1218 3132 1332 3195 debita
1354 3133 1560 3215 parochianis
1583 3153 1650 3197 non

296 3248 511 3327 retrahantur,
534 3260 570 3314 ut
597 3252 685 3314 bona
711 3249 846 3334 pociora
868 3251 913 3315 ibi
936 3250 1026 3329 fiant,
1049 3251 1105 3315 ubi
1129 3254 1392 3336 appropriantur.
1437 3254 1539 3319 Tales
1562 3255 1650 3320 enim

296 3369 457 3433 habentes
487 3372 575 3434 bona
604 3372 815 3455 appropriata
846 3371 1058 3435 ecclesiarum
1088 3372 1326 3454 parochialium
1349 3395 1439 3457 saepe
1469 3376 1652 3441 abutuntur

297 3490 393 3554 bonis
424 3491 495 3569 illis,
526 3512 600 3573 quae
627 3493 829 3556 deservirent
859 3492 1014 3574 operibus
1041 3493 1164 3556 sanctis
1191 3493 1317 3571 fiendis,
1345 3497 1378 3559 in
1409 3497 1592 3575 scribendo,
1618 3499 1651 3561 in

296 3615 431 3691 orando,
448 3614 480 3675 in
504 3612 654 3694 legendo,
672 3613 705 3675 in
728 3613 948 3696 praedicand0,
964 3622 998 3676 et
1020 3613 1159 3677 devotos
1183 3625 1217 3679 et
1240 3615 1426 3698 indigentes
1448 3617 1650 3694 exhibendo,

296 3743 332 3799 et
356 3735 413 3797 illa
438 3734 535 3812 bona,
560 3755 634 3815 quae
657 3744 853 3816 acceperunt
876 3734 919 3797 ad
947 3744 1099 3798 sanctum
1123 3756 1207 3818 opus
1231 3736 1386 3811 fiendum,
1414 3739 1654 3805 transtulerunt

296 3858 340 3921 ad
367 3856 519 3938 injuriam
544 3856 712 3920 donatoris
743 3855 838 3931 male,
869 3876 913 3919 sc.
944 3855 1006 3918 illis
1038 3859 1170 3936 utendo,
1198 3867 1232 3921 et
1262 3868 1395 3922 sanctos
1424 3881 1503 3923 usus
1533 3869 1567 3924 et
1596 3861 1653 3943 pia

296 3997 398 4058 opera
417 3978 613 4041 omittendo.
647 3976 722 4042 Tali
739 3978 818 4041 dicit
836 3978 1007 4057 Dominus,
1024 3977 1112 4042 Osee
1128 3979 1173 4060 ij0,
1188 3979 1370 4044 ‘Nesciunt
1385 3982 1475 4063 quod
1492 4002 1555 4065 ego
1573 3982 1651 4046 dedi

297 4098 328 4160 ei
351 4098 560 4177 frumentum,
577 4099 700 4177 vinum,
724 4109 757 4162 et
780 4099 898 4177 oleum,
915 4109 949 4163 et
971 4109 1144 4182 argentum
1168 4101 1384 4184 multiplicavi
1408 4104 1446 4181 ei,
1467 4113 1501 4168 et
1524 4124 1651 4179 aurum,

296 4238 374 4301 quae
396 4219 543 4285 lecerunt
564 4221 644 4285 Baal
669 4218 938 4304 multiplicand0‚'
961 4243 1114 4301 sevana,
1139 4233 1172 4288 et
1194 4244 1365 4307 pomposa,
1390 4234 1423 4290 et
1446 4225 1579 4290 delicias
1602 4225 1653 4289 sui
