3818 4904
661 431 757 487 LOCI
786 432 815 485 E
843 432 968 489 LIBRO
1004 435 1261 494 VERITATUM.
1590 440 1629 509 51

364 655 398 722 [p.
414 655 484 720 432]
538 646 613 728 Ego
651 645 800 709 Thomas
831 644 1026 730 Gascoigne,
1056 650 1211 732 indignus
1246 652 1408 726 sacerdos,
1445 658 1479 714 et
1515 649 1632 713 doctor

277 765 480 850 Theologiae,
512 767 731 830 Eboracensis
757 767 906 843 diocesis,
933 767 1040 833 fateor
1069 772 1158 852 quod
1189 770 1266 835 licet
1296 792 1390 835 curas
1419 768 1630 835 ecclesiarum

276 887 513 971 parochialium
546 887 625 951 mihi
661 887 846 951 oblatarum
881 887 1028 968 refutavi,
1061 902 1197 974 propter
1228 893 1357 957 diversa
1392 890 1632 974 impedimenta

277 1004 310 1066 in
341 1025 477 1087 corpore
507 1025 582 1068 meo
613 1013 646 1068 et
676 1002 766 1081 infra,
792 1012 905 1067 tamen
939 1015 1019 1086 opto
1049 1016 1083 1070 et
1112 1006 1263 1071 desidero
1293 1008 1404 1091 plures
1433 1014 1565 1071 sanctos
1594 1011 1629 1068 et

276 1123 415 1189 devotos
447 1124 533 1189 viros
563 1135 596 1189 et
626 1124 768 1188 scientes
800 1125 913 1206 pocius
943 1125 1065 1189 habere
1097 1128 1205 1192 officia
1234 1138 1268 1192 et
1299 1148 1392 1193 curas
1422 1128 1455 1191 in
1486 1125 1631 1191 ecclesiis

276 1265 377 1328 quarn
407 1245 571 1328 meipsum
605 1244 728 1308 habere
763 1244 853 1307 milia
888 1265 1082 1323 marcarum,
1114 1257 1147 1311 et
1177 1267 1278 1329 quam
1311 1248 1475 1330 meipsum
1506 1245 1630 1310 habere

277 1365 462 1429 maximum
485 1365 721 1448 episcopatum,
742 1366 827 1447 quia,
843 1374 930 1429 teste
951 1366 1034 1444 De0,
1053 1367 1079 1430 si
1098 1387 1230 1449 possem
1251 1368 1399 1450 accipere
1419 1367 1499 1431 mihi
1522 1364 1631 1430 maxi·

277 1505 369 1548 mum
391 1486 618 1568 episcopatum
646 1484 746 1569 regni,
769 1495 803 1549 et
826 1485 954 1567 eligere,
976 1507 1019 1549 an
1041 1486 1162 1551 vellem
1185 1489 1265 1551 dare
1290 1487 1385 1552 alteri
1407 1486 1543 1565 homini,
1567 1506 1630 1569 ego

275 1606 390 1688 pocius
411 1609 526 1671 darem
552 1606 648 1671 alteri
670 1627 769 1689 quam
796 1606 979 1688 acciperem
1008 1606 1102 1670 illum
1127 1608 1356 1691 episcopatum
1382 1607 1481 1672 michi
1508 1606 1579 1689 ipsi,
1603 1606 1631 1669 si

275 1723 392 1790 scirem
421 1726 474 1790 vel
508 1727 676 1791 crederem
706 1728 796 1808 quod
830 1725 886 1790 ille
919 1726 970 1791 cui
1000 1728 1114 1791 darem
1145 1726 1373 1810 episcopatum
1402 1725 1456 1791 vel
1485 1725 1630 1793 officium

276 1846 394 1911 melius
423 1857 545 1930 posset,
569 1846 675 1925 sciret,
697 1856 731 1910 et
761 1846 862 1910 vellet
891 1845 1049 1928 proficere
1083 1847 1257 1912 animabus
1286 1868 1386 1930 quam
1424 1867 1496 1930 ego,
1526 1867 1570 1910 sc.
1602 1845 1631 1909 si

275 1965 321 2030 sic
347 1965 521 2048 proficeret
548 1975 636 2030 recte
665 1965 887 2048 praedicando,
912 1973 1027 2030 sancte
1053 1965 1342 2047 exemplificando,
1367 1965 1629 2048 hospitalitatem

274 2087 429 2164 tenendo,
454 2086 564 2149 sobrie
593 2086 679 2149 inter
706 2085 857 2149 homines
883 2085 1035 2164 vivendo,
1062 2095 1095 2150 et
1125 2097 1213 2151 recte
1239 2086 1462 2166 consulendo;
1496 2097 1530 2151 et
1555 2086 1628 2151 haec

274 2207 350 2270 dico
373 2227 440 2270 non
462 2215 598 2289 propter
617 2226 738 2269 vanam
760 2206 900 2288 gloriam
922 2216 956 2270 et
978 2206 1139 2270 honorem
1163 2227 1206 2270 ex
1228 2205 1292 2271 hoc
1315 2206 1414 2271 michi
1437 2207 1628 2271 habendum

274 2326 309 2390 in
337 2325 402 2392 hoc
436 2326 565 2403 saeculo,
596 2327 656 2390 sed
691 2334 728 2389 ut
765 2325 822 2390 alii
856 2324 928 2392 haec
958 2325 1106 2410 legentes
1143 2336 1338 2391 moveantur
1367 2337 1402 2392 et
1430 2326 1629 2391 inclinentur

273 2447 422 2529 accipere
451 2447 596 2512 officium
626 2457 660 2511 et
690 2446 872 2526 ecclesiam,
898 2468 956 2511 seu
987 2446 1128 2512 refutare
1158 2447 1238 2512 talia
1267 2447 1389 2526 oblata,
1418 2447 1504 2511 sicut
1533 2447 1627 2510 Deus

272 2567 353 2647 vult,
375 2576 410 2632 et
434 2567 477 2631 ad
501 2567 666 2631 intentum
691 2567 837 2630 fiendum
862 2567 952 2649 quod
980 2567 1074 2631 Deus
1098 2567 1248 2650 praecipit
1274 2567 1353 2647 fieri,
1376 2576 1410 2631 et
1432 2567 1511 2649 quia
1534 2566 1627 2630 Deus

272 2687 336 2753 scit
357 2708 400 2752 an
422 2688 509 2751 bene
530 2687 582 2753 vel
606 2687 692 2752 male
714 2686 784 2767 feci,
802 2687 837 2751 in
859 2687 1034 2752 refutando
1057 2686 1323 2752 cancellariatum
1346 2685 1493 2752 ecclesiae
1515 2686 1627 2752 cathe-

273 2807 374 2873 dralis
400 2807 628 2887 Eboracensis,
654 2808 707 2872 cui
731 2815 809 2872 sunt
836 2808 1058 2891 appropriatae
1084 2808 1160 2872 duae
1185 2806 1330 2873 ecclesiae
1356 2805 1567 2891 parochiales,
1593 2814 1629 2872 et

274 2928 370 3010 male,
400 2938 438 2994 ut
471 2949 533 3012 ego
564 2927 700 3012 judico;
739 2929 815 2993 ideo
850 2927 952 2993 offero
983 2949 1038 2994 me
1067 2928 1204 2993 infinitae
1235 2927 1466 2992 misericordiae
1496 2926 1563 2991 Dei
1592 2934 1628 2991 et

273 3051 426 3133 precibus
459 3049 609 3114 omnium
644 3057 843 3129 sanctorum,
872 3049 951 3133 quia
983 3049 1018 3112 in
1053 3048 1226 3113 refutando
1259 3048 1323 3114 hoc
1361 3057 1394 3113 et
1427 3047 1493 3112 alia
1527 3048 1627 3113 credo

273 3170 411 3235 firmiter
444 3190 500 3236 me
534 3191 607 3234 esse
639 3180 673 3236 et
705 3170 805 3235 fuisse
840 3168 1030 3246 inhabilem,
1060 3179 1095 3235 et
1130 3189 1196 3233 non
1230 3168 1411 3234 habentem
1445 3169 1629 3234 necessaria

272 3291 431 3374 requisita
459 3291 503 3356 ad
535 3292 692 3355 standum
725 3292 759 3354 in
792 3291 910 3373 proelio
942 3311 1003 3375 pro
1033 3288 1181 3354 Domino
1211 3290 1286 3353 Deo
1318 3289 1361 3354 ad
1391 3289 1627 3355 destruendum

274 3412 363 3477 mala
382 3422 416 3478 et
438 3422 576 3494 peccata
599 3431 721 3495 magna
741 3411 850 3477 valde.

359 3542 394 3609 [o
409 3541 480 3608 438]
525 3532 750 3598 Consimiliter
768 3534 855 3597 viros
877 3531 1035 3615 probatos
1055 3530 1089 3595 in
1110 3530 1250 3596 sciencia
1272 3539 1306 3595 et
1325 3529 1447 3594 virtute
1466 3538 1627 3614 ponerent

272 3653 417 3738 episcopi
445 3663 479 3719 et
505 3653 679 3718 collatores
702 3653 912 3719 ecclesiarum
936 3653 971 3717 in
996 3651 1143 3717 ecclesiis
1165 3649 1416 3734 parochialibus,
1439 3659 1473 3715 et
1495 3649 1529 3713 in
1555 3648 1628 3713 aliis

272 3775 387 3841 officiis
409 3776 452 3840 ad
476 3775 656 3858 regendum
678 3774 839 3859 populum
862 3773 935 3854 Dei,
958 3782 992 3838 et
1014 3793 1081 3837 non
1103 3772 1147 3837 ad
1170 3771 1445 3853 corrumpendum
1468 3769 1628 3854 populum

274 3896 338 3962 Dei
370 3907 404 3963 et
430 3898 668 3962 destruendum
701 3895 862 3980 populum
892 3896 967 3975 Dei,
996 3896 1082 3961 sicut
1111 3894 1237 3960 faciunt
1262 3892 1333 3977 jam
1364 3893 1514 3958 moderni
1543 3892 1631 3976 epis·

271 4018 347 4102 copi
380 4028 415 4084 et
443 4017 574 4101 patroni
604 4015 827 4096 ecclesiarum,
856 4017 913 4101 qui
946 4025 1076 4100 ponunt
1104 4016 1249 4082 festucas
1280 4015 1314 4079 in
1344 4014 1499 4091 ecclesiis,
1530 4023 1564 4080 et
1596 4013 1631 4076 in

271 4140 366 4218 curis,
381 4146 416 4204 et
438 4138 562 4215 officiis,
579 4147 612 4203 et
636 4138 670 4203 in
693 4138 890 4223 praebendis
907 4137 964 4202 ubi
987 4147 1150 4221 ponerent
1173 4137 1345 4202 columnas
1366 4135 1460 4199 vivos
1481 4144 1626 4211 sanctos,

272 4283 316 4328 sc.
347 4272 381 4327 et
408 4270 555 4327 maturos
584 4262 680 4344 viros,
707 4270 740 4327 et
772 4282 837 4326 non
871 4280 990 4344 pueros
1021 4269 1054 4325 et
1088 4260 1171 4324 alios
1197 4258 1254 4343 qui
1284 4255 1429 4325 serviunt
1459 4256 1521 4322 sibi
1552 4255 1632 4341 ipsis

920 4379 982 4427 Ha
