<?xml version="1.0" encoding="UTF-8"?>
<!DOCTYPE html PUBLIC "-//W3C//DTD XHTML 1.0 Transitional//EN"
    "http://www.w3.org/TR/xhtml1/DTD/xhtml1-transitional.dtd">
<html xmlns="http://www.w3.org/1999/xhtml" xml:lang="en" lang="en">
 <head>
  <title>
</title>
<meta http-equiv="Content-Type" content="text/html;charset=utf-8" />
  <meta name='ocr-system' content='tesseract 3.04.00' />
  <meta name='ocr-capabilities' content='ocr_page ocr_carea ocr_par ocr_line ocrx_word'/>
</head>
<body>
  <div class='ocr_page' id='page_1' title='image "./locielibroverit00gascgoog/locielibroverit00gascgoog_0208.png"; bbox 0 0 3818 4904; ppageno 0'>
   <div class='ocr_carea' id='block_1_1' title="bbox 686 425 1663 491">
    <p class='ocr_par' dir='ltr' id='par_1_1' title="bbox 686 425 1663 491">
     <span class='ocr_line' id='line_1_1' title="bbox 686 425 1663 491; baseline -0.007 -11"><span class='ocrx_word' id='word_1_1' title='bbox 686 427 786 480; x_wconf 86' lang='lat' dir='ltr'><em>LOCI</em></span> <span class='ocrx_word' id='word_1_2' title='bbox 812 427 841 479; x_wconf 90' lang='lat' dir='ltr'><em>E</em></span> <span class='ocrx_word' id='word_1_3' title='bbox 870 427 995 481; x_wconf 86' lang='lat' dir='ltr'><em>LIBRO</em></span> <span class='ocrx_word' id='word_1_4' title='bbox 1031 426 1287 481; x_wconf 83' lang='lat' dir='ltr'><em>VERITATUM.</em></span> <span class='ocrx_word' id='word_1_5' title='bbox 1604 425 1663 491; x_wconf 88' lang='lat'>107</span> 
     </span>
    </p>
   </div>
   <div class='ocr_carea' id='block_1_2' title="bbox 306 635 1666 2647">
    <p class='ocr_par' dir='ltr' id='par_1_2' title="bbox 306 635 1666 2647">
     <span class='ocr_line' id='line_1_2' title="bbox 313 635 1666 721; baseline -0.001 -25"><span class='ocrx_word' id='word_1_6' title='bbox 313 635 465 698; x_wconf 86' lang='lat' dir='ltr'>miseram</span> <span class='ocrx_word' id='word_1_7' title='bbox 496 638 801 721; x_wconf 90' lang='lat' dir='ltr'>appropriacionem</span> <span class='ocrx_word' id='word_1_8' title='bbox 832 639 1054 715; x_wconf 86' lang='lat' dir='ltr'>destruuntur,</span> <span class='ocrx_word' id='word_1_9' title='bbox 1086 648 1119 703; x_wconf 90' lang='lat' dir='ltr'>et</span> <span class='ocrx_word' id='word_1_10' title='bbox 1148 640 1353 714; x_wconf 88' lang='lat' dir='ltr'>omittuntur,</span> <span class='ocrx_word' id='word_1_11' title='bbox 1384 645 1417 700; x_wconf 87' lang='lat' dir='ltr'>et</span> <span class='ocrx_word' id='word_1_12' title='bbox 1447 636 1493 698; x_wconf 93' lang='lat' dir='ltr'>sic</span> <span class='ocrx_word' id='word_1_13' title='bbox 1527 640 1666 716; x_wconf 90' lang='lat' dir='ltr'>pereunt</span> 
     </span>
     <span class='ocr_line' id='line_1_3' title="bbox 312 754 1664 842; baseline -0.001 -26"><span class='ocrx_word' id='word_1_14' title='bbox 312 755 563 820; x_wconf 88' lang='lat' dir='ltr'>innumerabilia</span> <span class='ocrx_word' id='word_1_15' title='bbox 581 758 679 834; x_wconf 89' lang='lat' dir='ltr'>bona,</span> <span class='ocrx_word' id='word_1_16' title='bbox 697 779 773 840; x_wconf 86' lang='lat' dir='ltr'>quae</span> <span class='ocrx_word' id='word_1_17' title='bbox 797 759 913 822; x_wconf 88' lang='lat' dir='ltr'>fierent</span> <span class='ocrx_word' id='word_1_18' title='bbox 929 761 956 822; x_wconf 92' lang='lat' dir='ltr'>si</span> <span class='ocrx_word' id='word_1_19' title='bbox 980 761 1126 824; x_wconf 87' lang='lat' dir='ltr'>rectoriae</span> <span class='ocrx_word' id='word_1_20' title='bbox 1150 760 1183 822; x_wconf 95' lang='lat' dir='ltr'>in</span> <span class='ocrx_word' id='word_1_21' title='bbox 1204 760 1350 842; x_wconf 91' lang='lat' dir='ltr'>primeva</span> <span class='ocrx_word' id='word_1_22' title='bbox 1375 776 1434 819; x_wconf 92' lang='lat' dir='ltr'>sua</span> <span class='ocrx_word' id='word_1_23' title='bbox 1454 754 1664 818; x_wconf 87' lang='lat' dir='ltr'>ordinacione</span> 
     </span>
     <span class='ocr_line' id='line_1_4' title="bbox 311 874 1664 962; baseline -0.001 -25"><span class='ocrx_word' id='word_1_24' title='bbox 311 886 570 956; x_wconf 84' lang='lat' dir='ltr'>permanerent3</span> <span class='ocrx_word' id='word_1_25' title='bbox 604 886 638 941; x_wconf 92' lang='lat' dir='ltr'>et</span> <span class='ocrx_word' id='word_1_26' title='bbox 667 879 843 942; x_wconf 91' lang='lat' dir='ltr'>verisimile</span> <span class='ocrx_word' id='word_1_27' title='bbox 874 889 923 943; x_wconf 90' lang='lat' dir='ltr'>est</span> <span class='ocrx_word' id='word_1_28' title='bbox 953 901 1012 961; x_wconf 90' lang='lat' dir='ltr'>per</span> <span class='ocrx_word' id='word_1_29' title='bbox 1040 879 1124 943; x_wconf 89' lang='lat' dir='ltr'>vicia</span> <span class='ocrx_word' id='word_1_30' title='bbox 1154 879 1329 962; x_wconf 88' lang='lat' dir='ltr'>regnancia</span> <span class='ocrx_word' id='word_1_31' title='bbox 1358 897 1419 959; x_wconf 88' lang='lat' dir='ltr'>per</span> <span class='ocrx_word' id='word_1_32' title='bbox 1451 874 1664 938; x_wconf 90' lang='lat' dir='ltr'>omissionem</span> 
     </span>
     <span class='ocr_line' id='line_1_5' title="bbox 311 995 1663 1083; baseline -0.001 -25"><span class='ocrx_word' id='word_1_33' title='bbox 311 997 545 1077; x_wconf 85' lang='lat' dir='ltr'>praedictorum</span> <span class='ocrx_word' id='word_1_34' title='bbox 569 999 740 1076; x_wconf 92' lang='lat' dir='ltr'>bonorum,</span> <span class='ocrx_word' id='word_1_35' title='bbox 764 1021 838 1080; x_wconf 82' lang='lat' dir='ltr'>quae</span> <span class='ocrx_word' id='word_1_36' title='bbox 862 1011 1000 1082; x_wconf 89' lang='lat' dir='ltr'>pereunt</span> <span class='ocrx_word' id='word_1_37' title='bbox 1030 1022 1087 1082; x_wconf 89' lang='lat' dir='ltr'>per</span> <span class='ocrx_word' id='word_1_38' title='bbox 1112 999 1418 1083; x_wconf 88' lang='lat' dir='ltr'>appropriacionem</span> <span class='ocrx_word' id='word_1_39' title='bbox 1442 995 1663 1068; x_wconf 87' lang='lat' dir='ltr'>ecclesiarum,</span> 
     </span>
     <span class='ocr_line' id='line_1_6' title="bbox 310 1116 1664 1202; baseline -0.001 -24"><span class='ocrx_word' id='word_1_40' title='bbox 310 1116 399 1198; x_wconf 92' lang='lat' dir='ltr'>quod</span> <span class='ocrx_word' id='word_1_41' title='bbox 438 1117 548 1199; x_wconf 89' lang='lat' dir='ltr'>plures</span> <span class='ocrx_word' id='word_1_42' title='bbox 581 1121 701 1181; x_wconf 84' lang='lat' dir='ltr'>animae</span> <span class='ocrx_word' id='word_1_43' title='bbox 735 1129 769 1183; x_wconf 94' lang='lat' dir='ltr'>et</span> <span class='ocrx_word' id='word_1_44' title='bbox 804 1121 1059 1184; x_wconf 89' lang='lat' dir='ltr'>innumerabiles</span> <span class='ocrx_word' id='word_1_45' title='bbox 1091 1121 1316 1202; x_wconf 88' lang='lat' dir='ltr'>dampnantur</span> <span class='ocrx_word' id='word_1_46' title='bbox 1348 1117 1555 1190; x_wconf 70' lang='lat' dir='ltr'>aeternaliter,</span> <span class='ocrx_word' id='word_1_47' title='bbox 1589 1135 1664 1196; x_wconf 87' lang='lat' dir='ltr'>quae</span> 
     </span>
     <span class='ocr_line' id='line_1_7' title="bbox 310 1236 1664 1319; baseline -0.001 -20"><span class='ocrx_word' id='word_1_48' title='bbox 310 1236 411 1299; x_wconf 87' lang='lat' dir='ltr'>salvae</span> <span class='ocrx_word' id='word_1_49' title='bbox 437 1237 576 1301; x_wconf 81' lang='lat' dir='ltr'>luissent</span> <span class='ocrx_word' id='word_1_50' title='bbox 600 1239 627 1301; x_wconf 93' lang='lat' dir='ltr'>si</span> <span class='ocrx_word' id='word_1_51' title='bbox 650 1237 842 1303; x_wconf 89' lang='lat' dir='ltr'>habuissent</span> <span class='ocrx_word' id='word_1_52' title='bbox 866 1240 973 1304; x_wconf 93' lang='lat' dir='ltr'>bonos</span> <span class='ocrx_word' id='word_1_53' title='bbox 996 1250 1138 1304; x_wconf 90' lang='lat' dir='ltr'>rectores</span> <span class='ocrx_word' id='word_1_54' title='bbox 1163 1251 1196 1304; x_wconf 93' lang='lat' dir='ltr'>et</span> <span class='ocrx_word' id='word_1_55' title='bbox 1218 1240 1283 1304; x_wconf 90' lang='lat' dir='ltr'>alia</span> <span class='ocrx_word' id='word_1_56' title='bbox 1306 1248 1421 1302; x_wconf 89' lang='lat' dir='ltr'>sancta</span> <span class='ocrx_word' id='word_1_57' title='bbox 1450 1257 1551 1319; x_wconf 91' lang='lat' dir='ltr'>opera</span> <span class='ocrx_word' id='word_1_58' title='bbox 1580 1255 1664 1318; x_wconf 86' lang='lat' dir='ltr'>prae·</span> 
     </span>
     <span class='ocr_line' id='line_1_8' title="bbox 310 1356 1665 1444; baseline 0 -26"><span class='ocrx_word' id='word_1_59' title='bbox 310 1356 408 1433; x_wconf 93' lang='lat' dir='ltr'>dicta,</span> <span class='ocrx_word' id='word_1_60' title='bbox 424 1379 507 1439; x_wconf 85' lang='lat' dir='ltr'>quae,</span> <span class='ocrx_word' id='word_1_61' title='bbox 528 1379 587 1440; x_wconf 92' lang='lat' dir='ltr'>per</span> <span class='ocrx_word' id='word_1_62' title='bbox 607 1359 711 1422; x_wconf 92' lang='lat' dir='ltr'>talem</span> <span class='ocrx_word' id='word_1_63' title='bbox 727 1361 881 1424; x_wconf 90' lang='lat' dir='ltr'>miseram</span> <span class='ocrx_word' id='word_1_64' title='bbox 902 1361 1207 1444; x_wconf 89' lang='lat' dir='ltr'>appropriacionem</span> <span class='ocrx_word' id='word_1_65' title='bbox 1227 1359 1445 1434; x_wconf 90' lang='lat' dir='ltr'>ecclesiarum,</span> <span class='ocrx_word' id='word_1_66' title='bbox 1466 1357 1665 1420; x_wconf 89' lang='lat' dir='ltr'>omittuntur</span> 
     </span>
     <span class='ocr_line' id='line_1_9' title="bbox 311 1477 1666 1564; baseline -0.001 -24"><span class='ocrx_word' id='word_1_67' title='bbox 311 1486 344 1540; x_wconf 87' lang='lat' dir='ltr'>et</span> <span class='ocrx_word' id='word_1_68' title='bbox 365 1487 513 1559; x_wconf 88' lang='lat' dir='ltr'>pereunt,</span> <span class='ocrx_word' id='word_1_69' title='bbox 530 1487 563 1541; x_wconf 94' lang='lat' dir='ltr'>et</span> <span class='ocrx_word' id='word_1_70' title='bbox 584 1479 631 1542; x_wconf 92' lang='lat' dir='ltr'>ita</span> <span class='ocrx_word' id='word_1_71' title='bbox 646 1479 734 1543; x_wconf 92' lang='lat' dir='ltr'>bona</span> <span class='ocrx_word' id='word_1_72' title='bbox 755 1502 855 1563; x_wconf 88' lang='lat' dir='ltr'>opera</span> <span class='ocrx_word' id='word_1_73' title='bbox 878 1483 911 1544; x_wconf 92' lang='lat' dir='ltr'>in</span> <span class='ocrx_word' id='word_1_74' title='bbox 933 1491 984 1545; x_wconf 90' lang='lat' dir='ltr'>tot</span> <span class='ocrx_word' id='word_1_75' title='bbox 1006 1483 1154 1564; x_wconf 91' lang='lat' dir='ltr'>personis</span> <span class='ocrx_word' id='word_1_76' title='bbox 1177 1490 1211 1545; x_wconf 94' lang='lat' dir='ltr'>et</span> <span class='ocrx_word' id='word_1_77' title='bbox 1234 1479 1440 1564; x_wconf 90' lang='lat' dir='ltr'>parochianis</span> <span class='ocrx_word' id='word_1_78' title='bbox 1462 1477 1584 1541; x_wconf 92' lang='lat' dir='ltr'>omissa</span> <span class='ocrx_word' id='word_1_79' title='bbox 1606 1497 1666 1559; x_wconf 93' lang='lat' dir='ltr'>per</span> 
     </span>
     <span class='ocr_line' id='line_1_10' title="bbox 309 1597 1664 1684; baseline -0.002 -22"><span class='ocrx_word' id='word_1_80' title='bbox 309 1598 411 1662; x_wconf 88' lang='lat' dir='ltr'>talem</span> <span class='ocrx_word' id='word_1_81' title='bbox 438 1599 744 1682; x_wconf 87' lang='lat' dir='ltr'>appropriacionem</span> <span class='ocrx_word' id='word_1_82' title='bbox 773 1602 911 1666; x_wconf 84' lang='lat' dir='ltr'>suntin</span> <span class='ocrx_word' id='word_1_83' title='bbox 944 1611 1017 1666; x_wconf 88' lang='lat' dir='ltr'>toto</span> <span class='ocrx_word' id='word_1_84' title='bbox 1046 1602 1148 1684; x_wconf 88' lang='lat' dir='ltr'>plura,</span> <span class='ocrx_word' id='word_1_85' title='bbox 1175 1603 1218 1665; x_wconf 91' lang='lat' dir='ltr'>de</span> <span class='ocrx_word' id='word_1_86' title='bbox 1246 1600 1422 1676; x_wconf 90' lang='lat' dir='ltr'>verisimili,</span> <span class='ocrx_word' id='word_1_87' title='bbox 1448 1619 1549 1681; x_wconf 91' lang='lat' dir='ltr'>quam</span> <span class='ocrx_word' id='word_1_88' title='bbox 1576 1597 1664 1660; x_wconf 91' lang='lat' dir='ltr'>bona</span> 
     </span>
     <span class='ocr_line' id='line_1_11' title="bbox 308 1718 1664 1804; baseline -0.001 -23"><span class='ocrx_word' id='word_1_89' title='bbox 308 1718 396 1782; x_wconf 83' lang='lat' dir='ltr'>iacta</span> <span class='ocrx_word' id='word_1_90' title='bbox 417 1719 469 1782; x_wconf 93' lang='lat' dir='ltr'>vel</span> <span class='ocrx_word' id='word_1_91' title='bbox 494 1720 603 1783; x_wconf 88' lang='lat' dir='ltr'>fienda</span> <span class='ocrx_word' id='word_1_92' title='bbox 625 1741 685 1803; x_wconf 93' lang='lat' dir='ltr'>per</span> <span class='ocrx_word' id='word_1_93' title='bbox 706 1722 822 1804; x_wconf 89' lang='lat' dir='ltr'>viginti</span> <span class='ocrx_word' id='word_1_94' title='bbox 844 1722 896 1786; x_wconf 93' lang='lat' dir='ltr'>vel</span> <span class='ocrx_word' id='word_1_95' title='bbox 920 1723 1139 1804; x_wconf 85' lang='lat' dir='ltr'>quadraginta</span> <span class='ocrx_word' id='word_1_96' title='bbox 1160 1723 1246 1786; x_wconf 90' lang='lat' dir='ltr'>viros</span> <span class='ocrx_word' id='word_1_97' title='bbox 1267 1719 1319 1784; x_wconf 91' lang='lat' dir='ltr'>vel</span> <span class='ocrx_word' id='word_1_98' title='bbox 1343 1720 1521 1802; x_wconf 85' lang='lat' dir='ltr'>religiosos,</span> <span class='ocrx_word' id='word_1_99' title='bbox 1544 1718 1664 1800; x_wconf 89' lang='lat' dir='ltr'>quibus</span> 
     </span>
     <span class='ocr_line' id='line_1_12' title="bbox 309 1840 1663 1925; baseline -0.001 -23"><span class='ocrx_word' id='word_1_100' title='bbox 309 1840 381 1903; x_wconf 86' lang='lat' dir='ltr'>istae</span> <span class='ocrx_word' id='word_1_101' title='bbox 411 1840 558 1904; x_wconf 86' lang='lat' dir='ltr'>ecclesiae</span> <span class='ocrx_word' id='word_1_102' title='bbox 584 1843 846 1924; x_wconf 88' lang='lat' dir='ltr'>appropriantur,</span> <span class='ocrx_word' id='word_1_103' title='bbox 868 1852 902 1908; x_wconf 92' lang='lat' dir='ltr'>et</span> <span class='ocrx_word' id='word_1_104' title='bbox 928 1844 982 1925; x_wconf 92' lang='lat' dir='ltr'>qui</span> <span class='ocrx_word' id='word_1_105' title='bbox 1010 1844 1182 1906; x_wconf 89' lang='lat' dir='ltr'>retrahunt</span> <span class='ocrx_word' id='word_1_106' title='bbox 1207 1843 1294 1905; x_wconf 92' lang='lat' dir='ltr'>bona</span> <span class='ocrx_word' id='word_1_107' title='bbox 1318 1840 1529 1904; x_wconf 87' lang='lat' dir='ltr'>ecclesiarum</span> <span class='ocrx_word' id='word_1_108' title='bbox 1556 1860 1577 1902; x_wconf 90' lang='lat' dir='ltr'>a</span> <span class='ocrx_word' id='word_1_109' title='bbox 1602 1858 1663 1900; x_wconf 93' lang='lat' dir='ltr'>suo</span> 
     </span>
     <span class='ocr_line' id='line_1_13' title="bbox 309 1960 1663 2044; baseline -0.001 -22"><span class='ocrx_word' id='word_1_110' title='bbox 309 1969 399 2024; x_wconf 89' lang='lat' dir='ltr'>recto</span> <span class='ocrx_word' id='word_1_111' title='bbox 429 1982 497 2039; x_wconf 93' lang='lat' dir='ltr'>usu,</span> <span class='ocrx_word' id='word_1_112' title='bbox 527 1971 663 2044; x_wconf 92' lang='lat' dir='ltr'>propter</span> <span class='ocrx_word' id='word_1_113' title='bbox 691 1983 766 2044; x_wconf 82' lang='lat' dir='ltr'>quae</span> <span class='ocrx_word' id='word_1_114' title='bbox 791 1964 884 2026; x_wconf 90' lang='lat' dir='ltr'>Deus</span> <span class='ocrx_word' id='word_1_115' title='bbox 915 1964 970 2026; x_wconf 93' lang='lat' dir='ltr'>illa</span> <span class='ocrx_word' id='word_1_116' title='bbox 998 1964 1087 2027; x_wconf 92' lang='lat' dir='ltr'>bona</span> <span class='ocrx_word' id='word_1_117' title='bbox 1116 1962 1276 2027; x_wconf 89' lang='lat' dir='ltr'>concessit</span> <span class='ocrx_word' id='word_1_118' title='bbox 1306 1961 1426 2026; x_wconf 90' lang='lat' dir='ltr'>curatis</span> <span class='ocrx_word' id='word_1_119' title='bbox 1455 1960 1663 2036; x_wconf 83' lang='lat' dir='ltr'>animarum3</span> 
     </span>
     <span class='ocr_line' id='line_1_14' title="bbox 307 2052 1663 2158; baseline -0.001 -15"><span class='ocrx_word' id='word_1_120' title='bbox 307 2082 396 2144; x_wconf 92' lang='lat' dir='ltr'>unde</span> <span class='ocrx_word' id='word_1_121' title='bbox 425 2052 543 2145; x_wconf 84' lang='lat' dir='ltr'>merito</span> <span class='ocrx_word' id='word_1_122' title='bbox 569 2083 650 2146; x_wconf 92' lang='lat' dir='ltr'>dicit</span> <span class='ocrx_word' id='word_1_123' title='bbox 681 2094 714 2148; x_wconf 92' lang='lat' dir='ltr'>et</span> <span class='ocrx_word' id='word_1_124' title='bbox 741 2094 890 2158; x_wconf 87' lang='lat' dir='ltr'>testatur,</span> <span class='ocrx_word' id='word_1_125' title='bbox 917 2094 1041 2148; x_wconf 86' lang='lat' dir='ltr'>sanctae</span> <span class='ocrx_word' id='word_1_126' title='bbox 1068 2085 1235 2147; x_wconf 87' lang='lat' dir='ltr'>memoriae</span> <span class='ocrx_word' id='word_1_127' title='bbox 1262 2083 1378 2147; x_wconf 88' lang='lat' dir='ltr'>doctor</span> <span class='ocrx_word' id='word_1_128' title='bbox 1402 2081 1557 2147; x_wconf 92' lang='lat' dir='ltr'>dominus</span> <span class='ocrx_word' id='word_1_129' title='bbox 1583 2079 1663 2142; x_wconf 92' lang='lat' dir='ltr'>Lin-</span> 
     </span>
     <span class='ocr_line' id='line_1_15' title="bbox 306 2201 1663 2286; baseline -0.001 -21"><span class='ocrx_word' id='word_1_130' title='bbox 306 2201 491 2280; x_wconf 90' lang='lat' dir='ltr'>colniensis,</span> <span class='ocrx_word' id='word_1_131' title='bbox 521 2203 554 2266; x_wconf 92' lang='lat' dir='ltr'>in</span> <span class='ocrx_word' id='word_1_132' title='bbox 586 2203 817 2285; x_wconf 90' lang='lat' dir='ltr'>Proposicione</span> <span class='ocrx_word' id='word_1_133' title='bbox 850 2226 909 2268; x_wconf 90' lang='lat' dir='ltr'>sua</span> <span class='ocrx_word' id='word_1_134' title='bbox 938 2205 1053 2268; x_wconf 88' lang='lat' dir='ltr'>habita</span> <span class='ocrx_word' id='word_1_135' title='bbox 1086 2225 1197 2268; x_wconf 91' lang='lat' dir='ltr'>coram</span> <span class='ocrx_word' id='word_1_136' title='bbox 1229 2225 1316 2286; x_wconf 90' lang='lat' dir='ltr'>papa</span> <span class='ocrx_word' id='word_1_137' title='bbox 1341 2203 1543 2279; x_wconf 68' lang='lat' dir='ltr'>Innocentio</span> <span class='ocrx_word' id='word_1_138' title='bbox 1567 2205 1663 2265; x_wconf 92' lang='lat' dir='ltr'>‘cum</span> 
     </span>
     <span class='ocr_line' id='line_1_16' title="bbox 306 2320 1663 2408; baseline 0 -24"><span class='ocrx_word' id='word_1_139' title='bbox 306 2320 396 2385; x_wconf 81' lang='lat' dir='ltr'>facta</span> <span class='ocrx_word' id='word_1_140' title='bbox 420 2332 470 2386; x_wconf 92' lang='lat' dir='ltr'>est</span> <span class='ocrx_word' id='word_1_141' title='bbox 499 2323 575 2386; x_wconf 88' lang='lat' dir='ltr'>talis</span> <span class='ocrx_word' id='word_1_142' title='bbox 602 2324 814 2389; x_wconf 89' lang='lat' dir='ltr'>ecclesiarum</span> <span class='ocrx_word' id='word_1_143' title='bbox 839 2326 1075 2408; x_wconf 89' lang='lat' dir='ltr'>appropriacio‚</span> <span class='ocrx_word' id='word_1_144' title='bbox 1098 2325 1186 2388; x_wconf 83' lang='lat' dir='ltr'>iacta</span> <span class='ocrx_word' id='word_1_145' title='bbox 1208 2334 1259 2388; x_wconf 89' lang='lat' dir='ltr'>est</span> <span class='ocrx_word' id='word_1_146' title='bbox 1287 2327 1320 2387; x_wconf 92' lang='lat' dir='ltr'>in</span> <span class='ocrx_word' id='word_1_147' title='bbox 1343 2322 1481 2386; x_wconf 89' lang='lat' dir='ltr'>ecclesia</span> <span class='ocrx_word' id='word_1_148' title='bbox 1504 2323 1568 2385; x_wconf 93' lang='lat' dir='ltr'>Dei</span> <span class='ocrx_word' id='word_1_149' title='bbox 1592 2342 1663 2384; x_wconf 87' lang='lat' dir='ltr'>om·</span> 
     </span>
     <span class='ocr_line' id='line_1_17' title="bbox 307 2441 1662 2527; baseline -0.001 -23"><span class='ocrx_word' id='word_1_150' title='bbox 307 2444 397 2504; x_wconf 94' lang='lat' dir='ltr'>nium</span> <span class='ocrx_word' id='word_1_151' title='bbox 418 2441 579 2506; x_wconf 91' lang='lat' dir='ltr'>malorum</span> <span class='ocrx_word' id='word_1_152' title='bbox 598 2442 831 2527; x_wconf 89' lang='lat' dir='ltr'>perpetuaci0.’</span> <span class='ocrx_word' id='word_1_153' title='bbox 870 2446 938 2511; x_wconf 90' lang='lat' dir='ltr'>Sed</span> <span class='ocrx_word' id='word_1_154' title='bbox 963 2444 1048 2509; x_wconf 82' lang='lat' dir='ltr'>sorte</span> <span class='ocrx_word' id='word_1_155' title='bbox 1071 2445 1173 2527; x_wconf 88' lang='lat' dir='ltr'>aliqui</span> <span class='ocrx_word' id='word_1_156' title='bbox 1196 2446 1320 2522; x_wconf 91' lang='lat' dir='ltr'>dicunt,</span> <span class='ocrx_word' id='word_1_157' title='bbox 1336 2442 1475 2506; x_wconf 89' lang='lat' dir='ltr'>‘Melius</span> <span class='ocrx_word' id='word_1_158' title='bbox 1498 2451 1548 2505; x_wconf 93' lang='lat' dir='ltr'>est</span> <span class='ocrx_word' id='word_1_159' title='bbox 1567 2461 1662 2524; x_wconf 91' lang='lat' dir='ltr'>paro·</span> 
     </span>
     <span class='ocr_line' id='line_1_18' title="bbox 306 2562 1661 2647; baseline -0.001 -21"><span class='ocrx_word' id='word_1_160' title='bbox 306 2562 430 2626; x_wconf 90' lang='lat' dir='ltr'>chianis</span> <span class='ocrx_word' id='word_1_161' title='bbox 446 2584 496 2625; x_wconf 84' lang='lat' dir='ltr'>xx</span> <span class='ocrx_word' id='word_1_162' title='bbox 520 2564 689 2646; x_wconf 84' lang='lat' dir='ltr'>religiosos</span> <span class='ocrx_word' id='word_1_163' title='bbox 709 2586 803 2628; x_wconf 88' lang='lat' dir='ltr'>orare</span> <span class='ocrx_word' id='word_1_164' title='bbox 826 2575 860 2629; x_wconf 94' lang='lat' dir='ltr'>et</span> <span class='ocrx_word' id='word_1_165' title='bbox 881 2567 998 2629; x_wconf 90' lang='lat' dir='ltr'>missas</span> <span class='ocrx_word' id='word_1_166' title='bbox 1014 2566 1088 2629; x_wconf 92' lang='lat' dir='ltr'>Deo</span> <span class='ocrx_word' id='word_1_167' title='bbox 1108 2565 1273 2630; x_wconf 91' lang='lat' dir='ltr'>celebrare</span> <span class='ocrx_word' id='word_1_168' title='bbox 1291 2585 1351 2647; x_wconf 93' lang='lat' dir='ltr'>pro</span> <span class='ocrx_word' id='word_1_169' title='bbox 1374 2564 1421 2627; x_wconf 89' lang='lat' dir='ltr'>eis</span> <span class='ocrx_word' id='word_1_170' title='bbox 1442 2583 1543 2645; x_wconf 91' lang='lat' dir='ltr'>quam</span> <span class='ocrx_word' id='word_1_171' title='bbox 1560 2582 1661 2625; x_wconf 92' lang='lat' dir='ltr'>unum</span> 
     </span>
    </p>
   </div>
   <div class='ocr_carea' id='block_1_3' title="bbox 307 2655 1662 2779">
    <p class='ocr_par' dir='ltr' id='par_1_3' title="bbox 307 2655 1662 2779">
     <span class='ocr_line' id='line_1_19' title="bbox 307 2655 1662 2779; baseline 0.001 -34"><span class='ocrx_word' id='word_1_172' title='bbox 307 2693 476 2760; x_wconf 88' lang='lat' dir='ltr'>rectorem,</span> <span class='ocrx_word' id='word_1_173' title='bbox 495 2685 554 2747; x_wconf 89' lang='lat' dir='ltr'>sed</span> <span class='ocrx_word' id='word_1_174' title='bbox 578 2685 624 2748; x_wconf 92' lang='lat' dir='ltr'>sic</span> <span class='ocrx_word' id='word_1_175' title='bbox 647 2685 685 2749; x_wconf 86' lang='lat' dir='ltr'>fit</span> <span class='ocrx_word' id='word_1_176' title='bbox 707 2706 767 2767; x_wconf 88' lang='lat' dir='ltr'>per</span> <span class='ocrx_word' id='word_1_177' title='bbox 788 2655 1095 2779; x_wconf 66' lang='lat' dir='ltr'>appropriacionem</span> <span class='ocrx_word' id='word_1_178' title='bbox 1118 2687 1338 2763; x_wconf 89' lang='lat' dir='ltr'>ecclesiarum,</span> <span class='ocrx_word' id='word_1_179' title='bbox 1361 2706 1440 2768; x_wconf 89' lang='lat' dir='ltr'>ergo</span> <span class='ocrx_word' id='word_1_180' title='bbox 1467 2682 1585 2746; x_wconf 89' lang='lat' dir='ltr'>melius</span> <span class='ocrx_word' id='word_1_181' title='bbox 1611 2693 1662 2747; x_wconf 93' lang='lat' dir='ltr'>est</span> 
     </span>
    </p>
   </div>
   <div class='ocr_carea' id='block_1_4' title="bbox 301 2784 1662 4220">
    <p class='ocr_par' dir='ltr' id='par_1_4' title="bbox 301 2784 1662 4220">
     <span class='ocr_line' id='line_1_20' title="bbox 305 2784 1662 2890; baseline 0.001 -24"><span class='ocrx_word' id='word_1_182' title='bbox 305 2803 511 2885; x_wconf 89' lang='lat' dir='ltr'>parochianis</span> <span class='ocrx_word' id='word_1_183' title='bbox 542 2804 643 2869; x_wconf 89' lang='lat' dir='ltr'>talem</span> <span class='ocrx_word' id='word_1_184' title='bbox 674 2807 980 2888; x_wconf 89' lang='lat' dir='ltr'>appropriacionem</span> <span class='ocrx_word' id='word_1_185' title='bbox 1007 2784 1208 2890; x_wconf 37' lang='lat' dir='ltr'>fieriu-quam</span> <span class='ocrx_word' id='word_1_186' title='bbox 1235 2828 1301 2870; x_wconf 94' lang='lat' dir='ltr'>non</span> <span class='ocrx_word' id='word_1_187' title='bbox 1325 2804 1426 2883; x_wconf 89' lang='lat' dir='ltr'>fieri;&#39;</span> <span class='ocrx_word' id='word_1_188' title='bbox 1460 2805 1530 2868; x_wconf 92' lang='lat' dir='ltr'>sine</span> <span class='ocrx_word' id='word_1_189' title='bbox 1560 2804 1662 2868; x_wconf 92' lang='lat' dir='ltr'>dubio</span> 
     </span>
     <span class='ocr_line' id='line_1_21' title="bbox 305 2924 1662 3010; baseline 0 -22"><span class='ocrx_word' id='word_1_190' title='bbox 305 2925 425 2988; x_wconf 89' lang='lat' dir='ltr'>veritas</span> <span class='ocrx_word' id='word_1_191' title='bbox 448 2925 486 2999; x_wconf 49' lang='lat' dir='ltr'>in,</span> <span class='ocrx_word' id='word_1_192' title='bbox 501 2925 564 2988; x_wconf 89' lang='lat' dir='ltr'>hac</span> <span class='ocrx_word' id='word_1_193' title='bbox 583 2927 722 2990; x_wconf 90' lang='lat' dir='ltr'>materia</span> <span class='ocrx_word' id='word_1_194' title='bbox 739 2937 855 3008; x_wconf 89' lang='lat' dir='ltr'>aperta</span> <span class='ocrx_word' id='word_1_195' title='bbox 877 2937 936 3005; x_wconf 93' lang='lat' dir='ltr'>est,</span> <span class='ocrx_word' id='word_1_196' title='bbox 952 2948 1027 3009; x_wconf 87' lang='lat' dir='ltr'>quae</span> <span class='ocrx_word' id='word_1_197' title='bbox 1045 2928 1131 2992; x_wconf 91' lang='lat' dir='ltr'>hanc</span> <span class='ocrx_word' id='word_1_198' title='bbox 1149 2928 1371 3010; x_wconf 88' lang='lat' dir='ltr'>objectionem</span> <span class='ocrx_word' id='word_1_199' title='bbox 1386 2927 1528 2990; x_wconf 89' lang='lat' dir='ltr'>tolleret.</span> <span class='ocrx_word' id='word_1_200' title='bbox 1561 2924 1662 2989; x_wconf 91' lang='lat' dir='ltr'>Com-</span> 
     </span>
     <span class='ocr_line' id='line_1_22' title="bbox 304 3045 1661 3132; baseline 0.001 -23"><span class='ocrx_word' id='word_1_201' title='bbox 304 3045 438 3127; x_wconf 89' lang='lat' dir='ltr'>paracio</span> <span class='ocrx_word' id='word_1_202' title='bbox 460 3059 526 3108; x_wconf 89' lang='lat' dir='ltr'>non</span> <span class='ocrx_word' id='word_1_203' title='bbox 549 3046 650 3110; x_wconf 89' lang='lat' dir='ltr'>debet</span> <span class='ocrx_word' id='word_1_204' title='bbox 673 3047 741 3110; x_wconf 88' lang='lat' dir='ltr'>fieri</span> <span class='ocrx_word' id='word_1_205' title='bbox 765 3049 850 3111; x_wconf 93' lang='lat' dir='ltr'>inter</span> <span class='ocrx_word' id='word_1_206' title='bbox 868 3050 984 3112; x_wconf 93' lang='lat' dir='ltr'>missas</span> <span class='ocrx_word' id='word_1_207' title='bbox 1006 3049 1155 3112; x_wconf 93' lang='lat' dir='ltr'>omnium</span> <span class='ocrx_word' id='word_1_208' title='bbox 1178 3048 1405 3132; x_wconf 84' lang='lat' dir='ltr'>religiosorum</span> <span class='ocrx_word' id='word_1_209' title='bbox 1427 3048 1524 3110; x_wconf 89' lang='lat' dir='ltr'>unius</span> <span class='ocrx_word' id='word_1_210' title='bbox 1548 3067 1661 3110; x_wconf 93' lang='lat' dir='ltr'>mona·</span> 
     </span>
     <span class='ocr_line' id='line_1_23' title="bbox 305 3167 1660 3249; baseline 0 -19"><span class='ocrx_word' id='word_1_211' title='bbox 305 3167 394 3230; x_wconf 92' lang='lat' dir='ltr'>sterii</span> <span class='ocrx_word' id='word_1_212' title='bbox 418 3176 452 3230; x_wconf 88' lang='lat' dir='ltr'>et</span> <span class='ocrx_word' id='word_1_213' title='bbox 475 3168 610 3230; x_wconf 90' lang='lat' dir='ltr'>missam</span> <span class='ocrx_word' id='word_1_214' title='bbox 627 3168 722 3232; x_wconf 89' lang='lat' dir='ltr'>unius</span> <span class='ocrx_word' id='word_1_215' title='bbox 743 3171 876 3232; x_wconf 88' lang='lat' dir='ltr'>rectoris</span> <span class='ocrx_word' id='word_1_216' title='bbox 900 3170 1046 3233; x_wconf 85' lang='lat' dir='ltr'>ecclesiae</span> <span class='ocrx_word' id='word_1_217' title='bbox 1067 3171 1171 3247; x_wconf 90' lang='lat' dir='ltr'>unius,</span> <span class='ocrx_word' id='word_1_218' title='bbox 1187 3171 1246 3233; x_wconf 92' lang='lat' dir='ltr'>sed</span> <span class='ocrx_word' id='word_1_219' title='bbox 1270 3170 1354 3234; x_wconf 89' lang='lat' dir='ltr'>inter</span> <span class='ocrx_word' id='word_1_220' title='bbox 1375 3169 1492 3232; x_wconf 92' lang='lat' dir='ltr'>missas</span> <span class='ocrx_word' id='word_1_221' title='bbox 1515 3169 1660 3249; x_wconf 92' lang='lat' dir='ltr'>ipsorum</span> 
     </span>
     <span class='ocr_line' id='line_1_24' title="bbox 305 3289 1662 3374; baseline -0.001 -22"><span class='ocrx_word' id='word_1_222' title='bbox 305 3296 339 3352; x_wconf 89' lang='lat' dir='ltr'>et</span> <span class='ocrx_word' id='word_1_223' title='bbox 358 3309 475 3352; x_wconf 88' lang='lat' dir='ltr'>omnes</span> <span class='ocrx_word' id='word_1_224' title='bbox 496 3289 613 3352; x_wconf 92' lang='lat' dir='ltr'>missas</span> <span class='ocrx_word' id='word_1_225' title='bbox 629 3289 731 3372; x_wconf 89' lang='lat' dir='ltr'>ipsius</span> <span class='ocrx_word' id='word_1_226' title='bbox 753 3291 888 3354; x_wconf 88' lang='lat' dir='ltr'>rectoris</span> <span class='ocrx_word' id='word_1_227' title='bbox 909 3301 942 3354; x_wconf 88' lang='lat' dir='ltr'>et</span> <span class='ocrx_word' id='word_1_228' title='bbox 963 3291 1108 3374; x_wconf 88' lang='lat' dir='ltr'>ipsorum</span> <span class='ocrx_word' id='word_1_229' title='bbox 1125 3313 1209 3373; x_wconf 92' lang='lat' dir='ltr'>quos</span> <span class='ocrx_word' id='word_1_230' title='bbox 1229 3291 1375 3369; x_wconf 87' lang='lat' dir='ltr'>exhibet,</span> <span class='ocrx_word' id='word_1_231' title='bbox 1391 3300 1424 3355; x_wconf 87' lang='lat' dir='ltr'>et</span> <span class='ocrx_word' id='word_1_232' title='bbox 1445 3291 1530 3355; x_wconf 87' lang='lat' dir='ltr'>inter</span> <span class='ocrx_word' id='word_1_233' title='bbox 1550 3290 1662 3354; x_wconf 92' lang='lat' dir='ltr'>omnia</span> 
     </span>
     <span class='ocr_line' id='line_1_25' title="bbox 303 3409 1660 3496; baseline 0 -24"><span class='ocrx_word' id='word_1_234' title='bbox 303 3410 393 3473; x_wconf 90' lang='lat' dir='ltr'>bona</span> <span class='ocrx_word' id='word_1_235' title='bbox 421 3410 487 3474; x_wconf 92' lang='lat' dir='ltr'>alia</span> <span class='ocrx_word' id='word_1_236' title='bbox 516 3431 591 3492; x_wconf 84' lang='lat' dir='ltr'>quae</span> <span class='ocrx_word' id='word_1_237' title='bbox 622 3432 682 3493; x_wconf 92' lang='lat' dir='ltr'>per</span> <span class='ocrx_word' id='word_1_238' title='bbox 713 3421 874 3475; x_wconf 90' lang='lat' dir='ltr'>rectorem</span> <span class='ocrx_word' id='word_1_239' title='bbox 901 3412 935 3475; x_wconf 92' lang='lat' dir='ltr'>in</span> <span class='ocrx_word' id='word_1_240' title='bbox 957 3412 1067 3495; x_wconf 88' lang='lat' dir='ltr'>seipso</span> <span class='ocrx_word' id='word_1_241' title='bbox 1094 3422 1128 3476; x_wconf 92' lang='lat' dir='ltr'>et</span> <span class='ocrx_word' id='word_1_242' title='bbox 1150 3412 1223 3476; x_wconf 88' lang='lat' dir='ltr'>aliis</span> <span class='ocrx_word' id='word_1_243' title='bbox 1253 3413 1458 3496; x_wconf 90' lang='lat' dir='ltr'>perveniunt,</span> <span class='ocrx_word' id='word_1_244' title='bbox 1483 3413 1572 3475; x_wconf 91' lang='lat' dir='ltr'>unde</span> <span class='ocrx_word' id='word_1_245' title='bbox 1601 3409 1660 3473; x_wconf 88' lang='lat' dir='ltr'>ali·</span> 
     </span>
     <span class='ocr_line' id='line_1_26' title="bbox 303 3530 1659 3616; baseline 0 -23"><span class='ocrx_word' id='word_1_246' title='bbox 303 3532 439 3613; x_wconf 93' lang='lat' dir='ltr'>quando</span> <span class='ocrx_word' id='word_1_247' title='bbox 469 3530 580 3613; x_wconf 91' lang='lat' dir='ltr'>plures</span> <span class='ocrx_word' id='word_1_248' title='bbox 614 3543 707 3596; x_wconf 90' lang='lat' dir='ltr'>actus</span> <span class='ocrx_word' id='word_1_249' title='bbox 737 3532 814 3596; x_wconf 93' lang='lat' dir='ltr'>boni</span> <span class='ocrx_word' id='word_1_250' title='bbox 851 3542 1080 3597; x_wconf 84' lang='lat' dir='ltr'>sustentantur</span> <span class='ocrx_word' id='word_1_251' title='bbox 1109 3543 1142 3597; x_wconf 92' lang='lat' dir='ltr'>et</span> <span class='ocrx_word' id='word_1_252' title='bbox 1174 3533 1435 3616; x_wconf 91' lang='lat' dir='ltr'>multiplicantur</span> <span class='ocrx_word' id='word_1_253' title='bbox 1469 3552 1528 3615; x_wconf 90' lang='lat' dir='ltr'>per</span> <span class='ocrx_word' id='word_1_254' title='bbox 1558 3550 1659 3594; x_wconf 93' lang='lat' dir='ltr'>unum</span> 
     </span>
     <span class='ocr_line' id='line_1_27' title="bbox 303 3651 1660 3737; baseline 0.002 -23"><span class='ocrx_word' id='word_1_255' title='bbox 303 3660 465 3715; x_wconf 87' lang='lat' dir='ltr'>rectorem</span> <span class='ocrx_word' id='word_1_256' title='bbox 492 3652 526 3714; x_wconf 92' lang='lat' dir='ltr'>in</span> <span class='ocrx_word' id='word_1_257' title='bbox 554 3651 644 3715; x_wconf 94' lang='lat' dir='ltr'>mille</span> <span class='ocrx_word' id='word_1_258' title='bbox 671 3652 879 3735; x_wconf 87' lang='lat' dir='ltr'>parochianis</span> <span class='ocrx_word' id='word_1_259' title='bbox 903 3654 978 3731; x_wconf 87' lang='lat' dir='ltr'>suis,</span> <span class='ocrx_word' id='word_1_260' title='bbox 1002 3663 1036 3718; x_wconf 92' lang='lat' dir='ltr'>et</span> <span class='ocrx_word' id='word_1_261' title='bbox 1061 3655 1093 3717; x_wconf 92' lang='lat' dir='ltr'>in</span> <span class='ocrx_word' id='word_1_262' title='bbox 1121 3653 1194 3717; x_wconf 88' lang='lat' dir='ltr'>aliis</span> <span class='ocrx_word' id='word_1_263' title='bbox 1216 3655 1365 3737; x_wconf 89' lang='lat' dir='ltr'>personis</span> <span class='ocrx_word' id='word_1_264' title='bbox 1388 3674 1449 3735; x_wconf 89' lang='lat' dir='ltr'>per</span> <span class='ocrx_word' id='word_1_265' title='bbox 1470 3654 1550 3717; x_wconf 91' lang='lat' dir='ltr'>talia</span> <span class='ocrx_word' id='word_1_266' title='bbox 1572 3652 1660 3717; x_wconf 92' lang='lat' dir='ltr'>bona</span> 
     </span>
     <span class='ocr_line' id='line_1_28' title="bbox 303 3773 1660 3858; baseline 0.001 -23"><span class='ocrx_word' id='word_1_267' title='bbox 303 3793 369 3835; x_wconf 95' lang='lat' dir='ltr'>non</span> <span class='ocrx_word' id='word_1_268' title='bbox 397 3773 618 3855; x_wconf 83' lang='lat' dir='ltr'>appropriata,</span> <span class='ocrx_word' id='word_1_269' title='bbox 639 3774 696 3855; x_wconf 94' lang='lat' dir='ltr'>qui</span> <span class='ocrx_word' id='word_1_270' title='bbox 723 3784 816 3838; x_wconf 90' lang='lat' dir='ltr'>actus</span> <span class='ocrx_word' id='word_1_271' title='bbox 840 3795 905 3837; x_wconf 94' lang='lat' dir='ltr'>non</span> <span class='ocrx_word' id='word_1_272' title='bbox 928 3775 975 3838; x_wconf 92' lang='lat' dir='ltr'>sic</span> <span class='ocrx_word' id='word_1_273' title='bbox 1000 3775 1083 3839; x_wconf 86' lang='lat' dir='ltr'>fiunt</span> <span class='ocrx_word' id='word_1_274' title='bbox 1103 3796 1161 3857; x_wconf 90' lang='lat' dir='ltr'>per</span> <span class='ocrx_word' id='word_1_275' title='bbox 1184 3776 1352 3858; x_wconf 87' lang='lat' dir='ltr'>religiosos</span> <span class='ocrx_word' id='word_1_276' title='bbox 1376 3785 1409 3839; x_wconf 91' lang='lat' dir='ltr'>et</span> <span class='ocrx_word' id='word_1_277' title='bbox 1432 3773 1514 3838; x_wconf 92' lang='lat' dir='ltr'>alios</span> <span class='ocrx_word' id='word_1_278' title='bbox 1539 3774 1660 3855; x_wconf 90' lang='lat' dir='ltr'>quibus</span> 
     </span>
     <span class='ocr_line' id='line_1_29' title="bbox 302 3891 1659 3978; baseline 0 -22"><span class='ocrx_word' id='word_1_279' title='bbox 302 3891 450 3956; x_wconf 83' lang='lat' dir='ltr'>ecclesiae</span> <span class='ocrx_word' id='word_1_280' title='bbox 473 3893 735 3975; x_wconf 87' lang='lat' dir='ltr'>appropriantur,</span> <span class='ocrx_word' id='word_1_281' title='bbox 758 3895 816 3957; x_wconf 89' lang='lat' dir='ltr'>sed</span> <span class='ocrx_word' id='word_1_282' title='bbox 840 3895 936 3977; x_wconf 88' lang='lat' dir='ltr'>pauci</span> <span class='ocrx_word' id='word_1_283' title='bbox 959 3895 1044 3960; x_wconf 91' lang='lat' dir='ltr'>tales</span> <span class='ocrx_word' id='word_1_284' title='bbox 1066 3906 1160 3959; x_wconf 87' lang='lat' dir='ltr'>actus</span> <span class='ocrx_word' id='word_1_285' title='bbox 1183 3897 1269 3960; x_wconf 91' lang='lat' dir='ltr'>inter</span> <span class='ocrx_word' id='word_1_286' title='bbox 1291 3898 1380 3978; x_wconf 92' lang='lat' dir='ltr'>ipsos</span> <span class='ocrx_word' id='word_1_287' title='bbox 1407 3894 1489 3958; x_wconf 86' lang='lat' dir='ltr'>hunt</span> <span class='ocrx_word' id='word_1_288' title='bbox 1512 3895 1545 3957; x_wconf 91' lang='lat' dir='ltr'>in</span> <span class='ocrx_word' id='word_1_289' title='bbox 1568 3914 1659 3958; x_wconf 92' lang='lat' dir='ltr'>com·</span> 
     </span>
     <span class='ocr_line' id='line_1_30' title="bbox 301 4015 1659 4099; baseline 0.001 -22"><span class='ocrx_word' id='word_1_290' title='bbox 301 4015 476 4097; x_wconf 87' lang='lat' dir='ltr'>paracione</span> <span class='ocrx_word' id='word_1_291' title='bbox 498 4016 540 4077; x_wconf 82' lang='lat' dir='ltr'>ad</span> <span class='ocrx_word' id='word_1_292' title='bbox 565 4024 658 4078; x_wconf 94' lang='lat' dir='ltr'>actus</span> <span class='ocrx_word' id='word_1_293' title='bbox 673 4015 779 4079; x_wconf 91' lang='lat' dir='ltr'>bonos</span> <span class='ocrx_word' id='word_1_294' title='bbox 801 4016 857 4097; x_wconf 94' lang='lat' dir='ltr'>qui</span> <span class='ocrx_word' id='word_1_295' title='bbox 881 4038 941 4099; x_wconf 91' lang='lat' dir='ltr'>per</span> <span class='ocrx_word' id='word_1_296' title='bbox 955 4017 1080 4080; x_wconf 93' lang='lat' dir='ltr'>bonum</span> <span class='ocrx_word' id='word_1_297' title='bbox 1104 4028 1263 4081; x_wconf 90' lang='lat' dir='ltr'>rectorem</span> <span class='ocrx_word' id='word_1_298' title='bbox 1288 4018 1321 4079; x_wconf 90' lang='lat' dir='ltr'>in</span> <span class='ocrx_word' id='word_1_299' title='bbox 1342 4015 1489 4098; x_wconf 91' lang='lat' dir='ltr'>pluribus</span> <span class='ocrx_word' id='word_1_300' title='bbox 1512 4016 1659 4098; x_wconf 92' lang='lat' dir='ltr'>personis</span> 
     </span>
     <span class='ocr_line' id='line_1_31' title="bbox 302 4135 1659 4220; baseline 0 -19"><span class='ocrx_word' id='word_1_301' title='bbox 302 4137 385 4201; x_wconf 89' lang='lat' dir='ltr'>fiunt</span> <span class='ocrx_word' id='word_1_302' title='bbox 409 4144 443 4199; x_wconf 93' lang='lat' dir='ltr'>et</span> <span class='ocrx_word' id='word_1_303' title='bbox 466 4135 589 4214; x_wconf 85' lang='lat' dir='ltr'>herent,</span> <span class='ocrx_word' id='word_1_304' title='bbox 612 4137 639 4199; x_wconf 93' lang='lat' dir='ltr'>si</span> <span class='ocrx_word' id='word_1_305' title='bbox 663 4147 770 4200; x_wconf 91' lang='lat' dir='ltr'>rector</span> <span class='ocrx_word' id='word_1_306' title='bbox 792 4137 834 4200; x_wconf 90' lang='lat' dir='ltr'>sit</span> <span class='ocrx_word' id='word_1_307' title='bbox 857 4138 941 4201; x_wconf 87' lang='lat' dir='ltr'>sicut</span> <span class='ocrx_word' id='word_1_308' title='bbox 965 4150 1060 4217; x_wconf 90' lang='lat' dir='ltr'>esset,</span> <span class='ocrx_word' id='word_1_309' title='bbox 1082 4138 1138 4202; x_wconf 93' lang='lat' dir='ltr'>ubi</span> <span class='ocrx_word' id='word_1_310' title='bbox 1161 4138 1246 4203; x_wconf 81' lang='lat' dir='ltr'>sorte</span> <span class='ocrx_word' id='word_1_311' title='bbox 1268 4158 1328 4220; x_wconf 90' lang='lat' dir='ltr'>per</span> <span class='ocrx_word' id='word_1_312' title='bbox 1350 4136 1406 4199; x_wconf 91' lang='lat' dir='ltr'>illa</span> <span class='ocrx_word' id='word_1_313' title='bbox 1428 4137 1517 4200; x_wconf 91' lang='lat' dir='ltr'>bona</span> <span class='ocrx_word' id='word_1_314' title='bbox 1539 4158 1659 4220; x_wconf 91' lang='lat' dir='ltr'>appro-</span> 
     </span>
    </p>
   </div>
   <div class='ocr_carea' id='block_1_5' title="bbox 301 4256 1658 4425">
    <p class='ocr_par' dir='ltr' id='par_1_5' title="bbox 301 4256 1658 4425">
     <span class='ocr_line' id='line_1_32' title="bbox 301 4256 1658 4340; baseline -0.001 -18"><span class='ocrx_word' id='word_1_315' title='bbox 301 4258 409 4340; x_wconf 89' lang='lat' dir='ltr'>priata</span> <span class='ocrx_word' id='word_1_316' title='bbox 429 4256 525 4339; x_wconf 91' lang='lat' dir='ltr'>pauci</span> <span class='ocrx_word' id='word_1_317' title='bbox 547 4256 630 4320; x_wconf 84' lang='lat' dir='ltr'>tales</span> <span class='ocrx_word' id='word_1_318' title='bbox 653 4266 746 4321; x_wconf 88' lang='lat' dir='ltr'>actus</span> <span class='ocrx_word' id='word_1_319' title='bbox 765 4258 856 4336; x_wconf 86' lang='lat' dir='ltr'>fiunt,</span> <span class='ocrx_word' id='word_1_320' title='bbox 872 4267 906 4322; x_wconf 93' lang='lat' dir='ltr'>et</span> <span class='ocrx_word' id='word_1_321' title='bbox 921 4257 983 4322; x_wconf 91' lang='lat' dir='ltr'>hoc</span> <span class='ocrx_word' id='word_1_322' title='bbox 1003 4261 1138 4340; x_wconf 88' lang='lat' dir='ltr'>praecise</span> <span class='ocrx_word' id='word_1_323' title='bbox 1155 4269 1191 4323; x_wconf 93' lang='lat' dir='ltr'>ut</span> <span class='ocrx_word' id='word_1_324' title='bbox 1215 4258 1433 4322; x_wconf 88' lang='lat' dir='ltr'>communiter</span> <span class='ocrx_word' id='word_1_325' title='bbox 1455 4259 1488 4320; x_wconf 95' lang='lat' dir='ltr'>in</span> <span class='ocrx_word' id='word_1_326' title='bbox 1508 4258 1658 4339; x_wconf 91' lang='lat' dir='ltr'>personis</span> 
     </span>
     <span class='ocr_line' id='line_1_33' title="bbox 954 4377 1009 4425; baseline 0.018 -1"><span class='ocrx_word' id='word_1_327' title='bbox 954 4377 974 4424; x_wconf 80' lang='lat' dir='ltr'>P</span> <span class='ocrx_word' id='word_1_328' title='bbox 993 4381 1009 4425; x_wconf 84' lang='lat'><strong>2</strong></span> 
     </span>
    </p>
   </div>
   <div class='ocr_carea' id='block_1_6' title="bbox 0 0 1914 4904">
    <p class='ocr_par' dir='ltr' id='par_1_6' title="bbox 0 0 1914 4904">
     <span class='ocr_line' id='line_1_34' title="bbox 0 0 1914 4904; baseline 0 4"><span class='ocrx_word' id='word_1_329' title='bbox 0 0 1914 4904; x_wconf 95' lang='lat' dir='ltr'> </span> 
     </span>
    </p>
   </div>
  </div>
 </body>
</html>
