3788 4898
272 344 334 415 186
639 376 737 430 Locl
761 375 791 429 E
819 369 941 426 LrBRO
976 368 1246 444 VERJTATUM.

267 595 441 660 nunquam
462 588 549 652 enim
572 591 700 674 legitur,
715 611 783 668 nec,
800 600 838 654 ut
860 584 1057 669 investigare
1078 597 1187 672 potui,
1204 604 1377 685 reperitur,
1397 608 1490 689 quod
1512 609 1641 692 aliquis

268 716 333 770 rex
358 698 493 786 Angliae
522 710 640 777 habuit
668 714 859 796 episcopum
888 710 922 774 in
951 729 1047 772 suum
1078 716 1319 801 confessorem,
1346 747 1408 791 nec
1437 728 1639 812 episcopum

268 826 307 890 in
329 821 430 887 domo
453 849 512 893 sua
536 833 782 898 ebdomadatim
802 842 1000 908 manentem,
1021 846 1169 916 excepto
1195 840 1348 910 Henrico
1369 846 1489 911 Sexto.
1538 849 1640 914 Hen-

268 945 358 1012 ricus
380 945 469 1010 enim
490 950 643 1035 Quartus,
661 959 794 1039 quando
816 955 980 1020 conlessor
1001 973 1078 1016 suus
1101 954 1212 1024 iactus
1234 963 1299 1029 fuit
1322 967 1507 1050 episcopus,
1522 969 1637 1052 ipsum

267 1083 362 1132 curae
381 1084 449 1128 suae
472 1081 508 1134 et
528 1076 729 1161 episcopatui
750 1079 795 1143 ire
817 1078 980 1161 praecepit
1019 1075 1188 1144 Henricus
1208 1085 1300 1149 enim
1317 1087 1472 1170 Quintus,
1487 1092 1639 1172 prudens

269 1206 338 1255 rex
362 1184 467 1266 valde,
494 1205 529 1258 et
554 1201 662 1281 regnis
690 1200 836 1284 pluribus
861 1199 1024 1276 terribilis,
1044 1218 1160 1263 secum
1184 1202 1306 1271 habuit
1332 1231 1438 1273 unum
1464 1221 1638 1277 maturum

269 1307 446 1374 doctorem
476 1313 510 1377 in
536 1339 629 1384 sacra
656 1321 832 1406 theologia,
860 1324 907 1389 M.
932 1321 1099 1386 Thomam
1123 1321 1282 1404 Walden,
1312 1330 1346 1393 in
1377 1352 1474 1394 suum
1506 1333 1639 1397 confes-

271 1445 396 1530 sorem,
410 1431 467 1511 qui
491 1439 582 1505 nulla
603 1464 680 1508 cura
701 1445 885 1508 animarum
904 1453 1059 1510 oneratus
1081 1452 1176 1521 crat3
1203 1457 1239 1510 et
1262 1449 1311 1514 sic
1334 1472 1429 1534 reges
1450 1461 1486 1516 et
1507 1453 1639 1518 domini

272 1548 446 1632 quondam
473 1558 626 1627 solebant
652 1586 728 1630 suos
754 1565 941 1650 capellanos
970 1567 1119 1642 retinere,
1141 1565 1199 1646 qui
1226 1571 1322 1633 omni
1348 1582 1426 1636 cura
1449 1572 1638 1637 animamm

271 1667 378 1738 soluti
404 1687 507 1756 erant,
533 1697 653 1765 praeter
678 1708 790 1753 curam
816 1710 929 1753 eorum
955 1687 1173 1764 dominorum,
1197 1707 1275 1753 cum
1299 1693 1420 1774 quibus
1446 1694 1638 1776 degebant;

274 1802 315 1860 et
343 1791 389 1855 sic
413 1793 558 1868 Sanctus
587 1808 774 1890 Jeronimus
802 1812 948 1875 ostendit
976 1810 1066 1893 quod
1096 1808 1243 1872 iacerent
1274 1832 1370 1894 reges
1399 1824 1433 1878 et
1464 1824 1639 1897 magnates

277 1913 439 1995 moderni,
464 1921 556 2001 ‘Ne‚’
580 1929 695 2014 inquit,
720 1932 905 1998 ‘ministros
932 1932 994 1997 Xti
1023 1940 1153 1994 nostros
1179 1929 1341 1997 iaciamus
1367 1935 1545 2011 ministros,
1575 1956 1640 2000 nec

276 2054 342 2123 pro
364 2040 551 2110 carnalibus
578 2051 750 2137 refrigeriis
773 2054 889 2118 altaria
902 2053 1037 2118 Domini
1061 2049 1267 2134 polluamus’
1313 2055 1400 2119 Haec
1423 2055 1567 2120 Sanctus
1581 2056 1640 2137 Je-

279 2154 427 2226 ronimus
465 2161 550 2230 libro
585 2181 637 2258 ¹3⁰
670 2197 767 2259 super
803 2175 1011 2241 Ezechielem
1042 2171 1252 2256 prophetam,
1285 2195 1385 2257 super
1418 2176 1563 2258 capitulo
1594 2194 1640 2254 44

279 2285 398 2348 textus
420 2286 602 2367 prophetae.
649 2297 778 2363 Levitae
804 2298 892 2361 enim
914 2297 1056 2380 separati
1078 2304 1173 2357 erant
1195 2292 1229 2356 in
1253 2294 1470 2360 ministerium
1494 2297 1638 2377 speciale

282 2399 359 2479 Dei,
382 2399 429 2466 sic
454 2413 559 2477 curati
582 2420 725 2502 separati
748 2429 858 2483 essent
880 2418 913 2482 in
939 2438 1051 2482 curam
1077 2414 1270 2493 animarum,
1292 2426 1326 2482 et
1349 2426 1386 2480 ut
1408 2416 1583 2499 vigilarent
1605 2417 1640 2481 in

281 2533 382 2593 nocte
407 2544 507 2610 super
531 2555 667 2621 gregem
695 2562 800 2617 suum,
823 2561 873 2617 ne,
898 2560 943 2603 sc.
971 2559 1040 2602 nox
1066 2536 1290 2601 tribulacionis
1321 2559 1381 2602 nec
1406 2537 1642 2621 temptacionis

283 2645 377 2734 gregi
407 2664 550 2734 noceret,
580 2671 618 2724 ut
653 2664 687 2727 in
724 2661 813 2726 malo
851 2660 1005 2725 deficeret
1035 2659 1087 2723 vel
1125 2669 1161 2722 ut
1199 2658 1324 2722 bonum
1350 2670 1462 2723 actum
1501 2671 1536 2724 et
1566 2660 1641 2723 Deo

285 2769 436 2837 debitum
458 2775 636 2861 omitteret,
663 2806 721 2849 seu
744 2785 920 2848 desereret.
967 2782 1063 2856 Item,
1092 2779 1181 2843 Xtus
1203 2780 1297 2862 quasi
1324 2800 1455 2863 semper
1477 2780 1539 2844 fuit
1565 2800 1641 2844 cum

285 2890 456 2970 ¹discipulis
484 2896 552 2962 suis
575 2924 679 2988 usque
704 2907 747 2970 ad
774 2903 962 2987 passionem
991 2911 1069 2984 post
1091 2900 1291 2965 eleccionem
1316 2902 1496 2964 eorundem
1519 2902 1552 2963 in
1575 2901 1642 2964 dis·

288 3012 425 3097 cipulos.

379 3144 508 3212 [11455]
553 3140 733 3225 Quomodo
760 3146 869 3210 nullus
899 3143 1093 3227 praedicaret
1123 3142 1156 3205 in
1187 3142 1329 3226 publico,
1357 3141 1419 3205 nisi
1450 3141 1578 3224 praelati
1609 3151 1644 3206 et

291 3258 396 3326 curati
420 3269 454 3323 et
475 3258 640 3331 licenciati
659 3290 718 3351 per
737 3289 839 3332 unum
862 3265 1022 3331 istorum?
1066 3265 1158 3328 Nota
1177 3264 1262 3328 bene
1285 3264 1318 3325 in
1340 3261 1424 3325 libro
1447 3283 1570 3346 magno
1591 3264 1645 3327 De

293 3380 422 3448 actibus
451 3381 486 3444 in
513 3380 660 3451 Consilio
694 3390 815 3452 Pisano
850 3397 884 3451 et
914 3385 1172 3463 Constansiensi,
1202 3395 1236 3448 et
1263 3385 1316 3447 De
1346 3383 1475 3447 actibus
1507 3382 1646 3448 Consilii

295 3503 492 3583 Basiliens'is,
508 3483 541 3569 et
559 3516 639 3572 nota
658 3509 730 3575 haec
751 3510 795 3573 ibi
818 3509 852 3572 in
870 3508 954 3571 libro
974 3506 1031 3570 illo
1052 3506 1086 3569 in
1101 3506 1240 3588 collegio
1256 3503 1473 3568 Dunelmeusi
1490 3504 1647 3582 Oxoniae,

295 3629 330 3692 in
355 3626 488 3711 egregio
513 3637 589 3692 actu
619 3630 708 3695 facto
736 3651 796 3714 per
822 3631 1016 3712 magistrum
1043 3628 1225 3692 Henricum
1252 3624 1430 3704 Caldiiren,
1456 3627 1499 3690 de
1531 3628 1648 3692 ordine

296 3750 561 3834 praedicatorum,
591 3763 707 3816 contra
724 3751 907 3815 Wulricum
930 3749 1127 3825 Bohemum,
1158 3749 1192 3812 in
1218 3746 1353 3813 consilio
1383 3745 1579 3828 Basiliensi3
1614 3757 1649 3814 et

298 3881 379 3937 nota
401 3871 446 3936 ibi
469 3873 502 3936 in
527 3871 586 3935 illo
613 3872 697 3937 libro
720 3872 861 3957 plurima
887 3893 945 3954 per
972 3871 1166 3954 magistrum
1188 3868 1376 3951 Johannem
1403 3867 1580 3951 Polymare
1606 3871 1650 3935 de

300 3992 447 4057 dominio
478 3993 564 4059 civili
593 4005 709 4059 contra
738 3993 872 4057 Petrum
903 3993 1006 4074 Payn,
1036 3992 1119 4056 alias
1149 3989 1256 4064 Clerk‚
1290 3989 1485 4072 magistrum
1509 3988 1650 4055 Arcium

302 4112 455 4194 Oxoniae,
477 4126 511 4181 et
533 4116 636 4180 filium
661 4116 884 4199 Francigenae,
905 4125 1021 4179 natum
1044 4115 1077 4178 in
1099 4113 1177 4178 villa
1201 4110 1325 4194 Hoogh
1344 4110 1444 4195 juxta
1459 4109 1650 4189 Graantam,

302 4235 336 4298 in
358 4232 491 4319 Anglia,
514 4239 570 4321 qui
591 4237 696 4303 multa
719 4237 807 4302 mala
828 4235 915 4302 dixit
936 4246 971 4302 et
992 4235 1070 4302 fecit
1092 4237 1125 4299 iu
1146 4232 1352 4311 Bohemmia,
1372 4244 1407 4296 et
1427 4234 1462 4296 in
1489 4232 1595 4314 Praga
1617 4233 1650 4295 in
