3818 4904
279 403 339 486 136
653 406 752 461 LOCI
778 405 807 457 E
835 405 960 458 LIBRO
996 402 1255 457 VERITATUM.

366 633 405 699 [p.
420 630 472 698 ²7]
507 621 718 684 Praecedente
738 629 828 682 recto
846 618 970 699 judicio
988 617 1095 699 Papae,
1112 618 1168 699 qui
1186 616 1350 697 judicaret
1371 636 1414 678 an
1435 616 1478 678 sit
1501 623 1644 696 aequum·

281 755 314 810 et
340 746 468 827 justum
493 763 604 807 coram
628 743 711 815 De0‚
743 762 785 803 an
816 760 891 815 non,
914 748 947 802 et
978 750 1049 801 tum
1077 739 1123 803 sic
1149 738 1280 815 habere,
1307 738 1391 801 sicut
1418 757 1523 819 nuper
1553 755 1636 798 unus

280 863 471 947 episcopusl
494 862 696 925 Turonensis
723 861 838 923 habuit
863 861 895 921 in
924 859 1061 922 Francia
1084 868 1117 921 et
1141 859 1173 919 in
1196 856 1323 940 Anglia
1345 856 1443 942 (duos
1467 857 1638 939 episcopa·

281 984 360 1070 tus).
407 982 631 1065 Dampnabile
655 990 713 1054 est,
738 981 816 1061 quia
838 980 873 1042 in
895 1000 1017 1061 magna
1040 979 1240 1043 detrimenta
1264 980 1436 1060 utriusque
1458 978 1637 1052 dioceseos,

283 1107 330 1169 ita
348 1105 439 1187 quod
459 1106 491 1166 in
515 1125 582 1166 una
602 1103 724 1166 diocesi
746 1102 856 1182 plures
878 1101 1102 1163 moriebantur
1122 1101 1193 1162 sine
1210 1100 1433 1176 sacramentis,
1449 1108 1482 1162 et
1500 1098 1573 1162 aliis
1591 1098 1639 1161 eis

284 1225 483 1297 necessariis,
509 1235 543 1287 et
568 1234 639 1287 tum
664 1223 718 1285 ille
743 1225 925 1304 episcopus,
952 1241 1075 1284 vacans
1101 1220 1243 1284 consiliis
1266 1230 1469 1284 armatorum
1493 1221 1526 1283 in
1550 1219 1648 1283 bello·

284 1357 400 1411 contra
428 1344 641 1421 Christianos,
664 1343 789 1406 sructus
815 1342 986 1404 annuatim
1015 1342 1139 1421 recepit
1166 1342 1335 1422 utriusque
1365 1341 1584 1424 episcopatus,
1607 1350 1641 1404 et

285 1477 398 1530 tamen
420 1484 582 1546 nusquam
605 1463 666 1527 suit
693 1465 725 1525 in
750 1484 808 1525 sua
829 1463 963 1544 dyocesi
988 1463 1020 1523 in
1039 1461 1174 1544 Anglia,
1194 1463 1352 1543 quamdiu
1374 1463 1468 1538 vixit,
1490 1461 1647 1544 quamvis.

285 1588 319 1650 in
339 1585 465 1667 Anglia
489 1585 632 1647 moriens
655 1584 687 1646 in
711 1582 848 1647 ecclesia
870 1603 929 1645 sua
950 1582 1099 1645 Heliensi
1124 1583 1272 1663 sepultus
1294 1583 1365 1646 fuit.

374 1706 469 1770 Sicut
492 1706 566 1768 novi
595 1703 764 1766 hominem
788 1724 889 1766 unum
912 1704 1041 1766 fatuum
1065 1703 1246 1767 naturalem
1270 1703 1450 1767 habentem
1470 1703 1517 1785 xij
1542 1703 1643 1767 bene·

286 1827 370 1904 ficia,
387 1836 420 1890 et
440 1824 667 1906 multipliciter
682 1834 820 1906 pereunt
836 1825 885 1886 sui
906 1823 1029 1888 subditi
1047 1844 1090 1887 ex
1111 1823 1168 1886 illa
1186 1825 1331 1888 licencia.
1376 1825 1463 1887 Vide
1481 1824 1643 1888 Sanctum

287 1948 492 2012 Bernardum
522 1945 565 2008 ad
590 1945 779 2026 Eugenium
809 1965 941 2027 papam,
969 1966 1012 2008 an
1043 1944 1149 2023 liceat,
1176 1966 1220 2008 an
1250 1946 1376 2022 deceat,
1407 1967 1450 2008 an
1477 1945 1645 2027 expediat,

289 2068 378 2151 quod
401 2076 499 2148 optas
522 2065 590 2128 fieri
614 2086 673 2147 per
695 2065 872 2142 licentiam,
895 2086 994 2147 quam
1019 2075 1121 2147 patet.

377 2197 415 2262 [p.
438 2195 493 2260 30.]
549 2194 673 2261 Inepta
704 2192 833 2248 lotitia.
888 2183 988 2267 Quod
1025 2186 1210 2250 inordinata
1244 2187 1382 2251 tristicia
1417 2198 1450 2251 et
1486 2190 1646 2272 gaudium

292 2308 430 2374 modum
460 2309 626 2371 excedens
656 2317 833 2389 operantur
862 2306 896 2368 in
926 2308 1090 2388 praesenti,
1118 2317 1226 2370 metus
1255 2318 1314 2372 aut
1344 2330 1421 2391 spes
1450 2310 1575 2376 iaciunt
1604 2312 1647 2374 de

292 2432 414 2508 futur0,
432 2430 511 2492 dum
533 2430 673 2492 adversa
700 2427 898 2510 plusquam
924 2429 1021 2491 decet
1045 2428 1202 2490 timemus
1227 2450 1299 2492 esse
1322 2441 1468 2505 ventura,
1492 2442 1549 2495 aut
1572 2452 1649 2514 pro-¹

292 2573 388 2635 spera
417 2571 493 2632 quae
523 2569 693 2631 speramus
719 2550 752 2611 in
778 2558 909 2613 tantum
941 2569 1000 2611 nos
1030 2548 1107 2612 facit
1137 2550 1289 2614 exultare
1319 2561 1355 2614 ut
1386 2572 1452 2615 non
1475 2562 1649 2616 teneamus

294 2674 441 2736 modum.
503 2671 577 2733 Has
610 2670 884 2750 perturbationes,
916 2691 982 2733 uno
1015 2680 1049 2734 et
1083 2691 1149 2734 non
1187 2671 1286 2753 pleno
1316 2673 1485 2751 versiculo,
1516 2674 1650 2738 illustris

294 2805 402 2878 poeta,
424 2792 548 2857 scilicet
571 2790 737 2873 Virgilius,
760 2793 807 2854 νίο
831 2791 990 2874 Enoydes
1014 2793 1222 2873 comprendit
1234 2819 1288 2856 :-

542 2926 627 2975 ‘Hine
644 2933 757 2975 metuunt
775 2927 933 2990 cupiuntque,
952 2927 1037 2976 dolent
1054 2929 1218 2993 gaudentque,
1236 2945 1315 2994 neque
1332 2946 1405 2979 auras

557 3024 710 3090 Respiciunt,
727 3026 806 3074 clausi
823 3026 929 3076 tenebris
945 3034 970 3076 et
987 3042 1084 3077 carcere
1101 3027 1182 3079 caeeo’

382 3157 419 3224 [p.
437 3155 490 3222 37·]
535 3152 700 3209 Luxuria.
753 3146 842 3209 Novi
867 3147 899 3208 in
924 3146 1131 3211 consessione
1155 3149 1308 3226 virorum,
1333 3171 1421 3213 anno
1447 3170 1540 3236 1443,
1562 3154 1652 3233 quod

295 3268 406 3352 plures
423 3269 492 3346 viri,
511 3278 700 3350 peractum
719 3266 933 3330 libidinosum
956 3269 1106 3343 luxuriae,
1122 3269 1309 3335 habuerunt
1328 3273 1477 3335 membra
1500 3295 1560 3337 sua
1583 3296 1655 3339 cor·

297 3400 394 3473 rupta
421 3399 454 3453 et
483 3391 616 3472 penitus
645 3390 822 3468 destructa,
849 3411 915 3452 non
946 3390 1054 3453 solum
1084 3392 1212 3473 virgam
1238 3393 1297 3456 sed
1327 3394 1507 3477 genitalia3
1538 3407 1572 3461 et
1599 3397 1655 3461 alii

296 3512 484 3576 habuerunt
514 3511 663 3574 membra
692 3532 753 3574 sua
782 3531 841 3593 per
871 3512 1037 3576 luxuriam
1069 3525 1222 3596 corrupta
1246 3515 1292 3579 ita
1323 3516 1412 3598 quod
1443 3518 1654 3600 cogebantur,

298 3643 435 3716 propter
460 3653 605 3715 poenam,
631 3642 731 3715 caput
754 3635 856 3716 virgae
878 3635 1080 3700 abscindere.
1135 3637 1231 3715 Item,
1257 3636 1360 3702 homo
1387 3640 1533 3704 Oxoniae
1559 3641 1655 3706 scho-

298 3754 384 3832 laris,
400 3754 555 3818 Morland
578 3756 719 3834 nomine,
736 3766 885 3821 mortuus
906 3757 967 3821 suit
989 3757 1134 3822 Oxoniae
1155 3780 1198 3822 ex
1215 3762 1423 3842 corruptione
1444 3772 1579 3827 causata
1598 3784 1658 3847 per

298 3886 410 3939 actum
433 3876 583 3939 luxuriae.

388 4005 427 4071 [p.
444 4006 499 4073 47.]
545 3997 633 4061 Novi
661 4000 748 4061 enim
776 4020 847 4081 eg0,
872 4000 1035 4082 Magister
1050 4002 1199 4065 Thomas
1223 4001 1418 4086 Gascoigne,
1446 4005 1524 4071 licet
1549 4006 1658 4090 indig-

301 4137 363 4179 nus
389 4138 490 4182 sacrae
513 4118 706 4201 Theologiae
731 4121 856 4198 doctor,
879 4124 935 4203 qui
961 4120 1031 4186 haec
1056 4124 1169 4205 scripsi
1193 4133 1226 4187 et
1248 4124 1370 4207 colligi,
1392 4127 1539 4191 diversos
1560 4128 1657 4203 viros,

498 4254 506 4281 ¹
523 4255 601 4304 Louis
612 4256 644 4305 de
656 4255 860 4321 Luxembourgh,
873 4257 1037 4309 Archdeacon
1050 4259 1080 4308 os
1088 4260 1191 4320 Rouen,
1211 4260 1269 4310 died
1281 4260 1337 4310 Oct.
1350 4277 1374 4324 4,
1390 4274 1461 4325 1443.
