3818 4904
685 422 784 481 loc!
810 423 839 480 E
868 425 993 482 LIBRO
1011 418 1013 422 ⁸
1028 425 1179 484 VERITA
1187 427 1286 486 TUM.
1602 423 1659 476 211

308 649 383 713 quae
407 633 572 700 intellexit
596 657 656 720 pro
681 640 769 705 bono
797 642 887 726 regni
912 643 958 707 ibi
982 644 1178 724 exprimere,
1205 662 1377 726 quousque
1403 639 1459 703 ille
1485 638 1661 721 episcopus

309 749 419 817 Pecok
441 766 529 820 esset
552 767 648 822 extra
670 760 808 824 domum
832 762 918 826 illius
939 763 1076 839 concilii,
1094 765 1223 847 magnis
1245 764 1434 828 doctoribus
1457 770 1491 825 et
1513 758 1661 842 pluribus

308 873 340 934 in
371 874 556 960 Theologia
588 879 632 942 ibi
663 880 696 943 in
727 881 785 944 illo
815 884 953 947 concilio
984 886 1069 966 regis
1100 886 1338 967 praesentibus3
1370 892 1404 947 et
1430 883 1529 945 libros
1558 879 1661 962 ipsius

308 992 417 1058 Pecok
440 999 651 1079 exigentibus
673 1021 693 1063 a
715 1003 851 1066 domino
873 1004 1032 1085 praedicto
1057 1004 1295 1081 Cantuariensi,
1318 1006 1375 1087 qui
1397 1002 1548 1086 promisit
1570 998 1659 1082 quod

306 1113 466 1182 haberent
492 1118 566 1182 illos
593 1124 635 1184 ad
664 1124 944 1200 examinandum3
976 1134 1010 1188 et
1035 1128 1212 1208 praedictus
1237 1127 1409 1209 episcopus
1436 1121 1545 1186 Pecok
1572 1119 1660 1183 dixit

305 1237 464 1316 praedicto
487 1238 734 1323 archiepiscopo
757 1244 847 1325 quod
871 1246 944 1327 ipse
964 1245 1069 1311 voluit
1095 1247 1249 1311 inducere
1271 1266 1381 1310 coram
1404 1244 1461 1307 illo
1482 1240 1659 1322 archiepis·

304 1373 390 1437 copo
412 1375 528 1422 omnes
551 1358 652 1423 libros
675 1381 752 1424 suos
775 1383 858 1444 quos
880 1363 958 1428 iecit
980 1350 1064 1429 infra
1086 1367 1263 1431 triennium
1284 1376 1364 1430 ante
1386 1363 1478 1427 illum
1502 1362 1600 1438 diem,
1623 1369 1658 1424 et

304 1496 364 1557 pro
389 1477 452 1541 illis
480 1479 570 1542 libris
592 1481 706 1558 voluit,
730 1493 767 1546 ut
790 1484 834 1546 ibi
858 1485 954 1559 dixit,
977 1486 1183 1568 respondere,
1209 1486 1267 1552 sed
1295 1507 1361 1549 non
1384 1505 1444 1568 pro
1470 1483 1542 1546 aliis
1566 1481 1656 1545 libris

303 1598 370 1660 suis
394 1618 478 1680 quos
501 1602 572 1682 ipse
595 1602 769 1685 episcopus
790 1602 900 1667 Pecok
922 1613 1001 1668 ante
1023 1606 1116 1670 illum
1136 1607 1206 1688 (sic)
1226 1608 1401 1671 triennium
1425 1603 1561 1669 tradidit
1583 1600 1657 1665 aliis

301 1714 498 1797 hominibus,
514 1722 600 1804 quia,
616 1732 653 1786 ut
673 1724 768 1800 dixit,
786 1725 831 1788 illi
850 1725 923 1788 libri
947 1747 1013 1790 non
1028 1727 1160 1792 fuerunt
1175 1728 1310 1792 correcti
1332 1747 1390 1809 per
1410 1727 1518 1809 ipsum
1536 1722 1654 1796 Pecok,

301 1839 360 1902 sed
385 1839 609 1921 indeliberate,
636 1843 709 1908 aliis
735 1847 934 1928 petentibus,
961 1847 1035 1911 illos
1066 1849 1166 1912 libros
1196 1851 1395 1913 incorrectos
1420 1847 1468 1910 eis
1496 1843 1656 1921 tradidit;

302 1969 334 2021 et
361 1959 408 2023 sic
434 1972 551 2043 postea
578 1964 650 2027 libri
679 1965 758 2047 ejus,
790 1987 834 2030 sc.
862 1987 991 2044 novem,
1016 1969 1193 2034 introducti
1219 1969 1350 2033 suerunt
1379 1969 1413 2031 in
1439 1964 1655 2049 praesenciam

299 2078 536 2165 archiepiscopi
567 2105 627 2166 per
656 2087 798 2149 eundem
831 2086 964 2165 Pecok3
1004 2099 1039 2153 et
1069 2090 1193 2154 inventi
1225 2099 1304 2154 tunc
1338 2089 1470 2152 suerunt
1500 2085 1546 2148 illi
1580 2082 1653 2146 libri

299 2198 402 2280 ipsius
428 2202 536 2266 Pecok
567 2205 600 2268 in
628 2205 775 2287 pluribus
805 2206 885 2272 locis
915 2210 1088 2273 cancellati
1114 2220 1148 2274 et
1175 2211 1238 2273 rasi
1268 2211 1301 2272 in
1332 2208 1468 2273 diversis
1500 2206 1592 2279 locis,
1618 2213 1654 2268 et

298 2319 417 2383 iterum
441 2323 484 2386 de
507 2345 593 2388 novo
620 2327 731 2407 scripti
756 2347 816 2408 per
841 2331 983 2392 eundem
1010 2329 1222 2412 episcopum3
1250 2340 1284 2393 et
1307 2331 1353 2394 sic
1376 2328 1481 2392 exivit
1506 2347 1526 2389 a
1551 2325 1652 2388 domo
1753 2396 1757 2407 ,

297 2442 424 2505 concilii
448 2445 527 2526 regii
549 2447 639 2527 apud
655 2446 988 2513 Westmonasterium
1011 2452 1074 2515 iste
1098 2452 1217 2526 Pecok,
1240 2453 1414 2533 episcopus
1437 2444 1651 2522 Cicistrensis,

296 2559 457 2627 Wallicus
474 2566 607 2648 origine,
624 2568 681 2650 qui
701 2570 872 2651 proposuit
890 2570 999 2651 legem
1016 2581 1142 2634 naturae
1158 2592 1256 2653 supra
1279 2571 1483 2652 scripturam,
1499 2575 1532 2630 et
1551 2583 1651 2644 supra

295 2694 510 2758 sacramenta,
539 2696 571 2750 et
595 2689 650 2770 qui
677 2689 708 2751 in
732 2689 826 2753 factis
852 2691 974 2754 suiset
995 2692 1104 2754 verbis
1126 2693 1222 2766 dixit,
1247 2691 1390 2755 ‘Anima
1413 2708 1488 2752 mea
1511 2693 1650 2750 nauseat

294 2823 392 2885 super
415 2806 489 2870 cibo
514 2808 570 2870 illo
599 2809 779 2887 levissimo:
805 2831 848 2874 sc.
875 2812 917 2874 de
942 2814 1072 2894 scriptis
1094 2812 1208 2877 Sancti
1231 2813 1400 2894 Jeronimi,
1425 2809 1539 2874 Sancti
1563 2805 1649 2869 Am·

293 2922 402 3004 brosii,
433 2925 548 2991 Sancti
579 2929 770 3011 Augustini,
801 2942 835 2995 et
870 2931 984 2996 Sancti
1025 2933 1182 3016 Gregorii,
1206 2943 1240 2997 et
1269 2933 1409 2996 aliorum
1437 2939 1649 3002 sanctorum3

293 3064 406 3108 eorum
434 3049 522 3110 enim
549 3052 670 3133 scripta
695 3052 893 3132 vituperavit
919 3062 953 3115 et
980 3054 1012 3115 in
1039 3054 1187 3135 pluribus
1216 3053 1274 3117 illa
1303 3074 1381 3116 vera
1407 3072 1479 3116 esse
1504 3048 1647 3132 negavit,

293 3174 327 3228 et
352 3168 473 3231 racioni
496 3190 565 3232 suae
589 3173 731 3253 propriae
753 3172 894 3237 adhaesit
925 3174 987 3236 ista
1015 3174 1125 3238 Pecok
1153 3177 1336 3257 episcopus.
1380 3173 1483 3236 Anno
1510 3167 1648 3234 Domini

293 3293 365 3348 mm⁰
394 3297 505 3353 ccccmo
536 3292 811 3376 quinquagesimo
840 3293 908 3377 vij0,
937 3296 971 3359 in
1001 3296 1141 3360 sabbato
1171 3296 1254 3361 infra
1286 3305 1421 3359 octavas
1450 3291 1647 3356 sanctissimi

292 3407 437 3485 Martini,
465 3412 525 3475 Xti
551 3413 754 3490 confessoris,
780 3416 900 3480 citatus
927 3426 961 3480 et
986 3418 1131 3483 monitus
1161 3438 1219 3500 per
1247 3417 1530 3500 archiepiscopum
1558 3410 1646 3476 Can·

290 3531 501 3612 watiensem,
519 3535 686 3599 Thomam
711 3537 881 3616 Bourcere,
904 3541 1117 3621 praesentavit
1142 3538 1389 3621 archiepiscopo
1415 3536 1462 3599 illi
1485 3535 1521 3598 ix
1544 3533 1646 3597 libros

289 3671 373 3733 quos
397 3653 506 3718 Pecok
529 3656 642 3734 edidit,
661 3667 698 3721 ut
720 3659 929 3723 traderentur
949 3679 1009 3742 per
1031 3659 1313 3743 archiepiscopum
1337 3658 1430 3721 illum
1452 3657 1644 3721 doctoribus

288 3775 463 3856 praecipuis
492 3777 536 3840 ad
567 3778 837 3858 examinandum,
867 3780 925 3861 qui
955 3789 1070 3844 contra
1100 3779 1210 3845 Pecok
1240 3781 1431 3862 episcopum
1461 3778 1565 3842 indies
1595 3778 1644 3841 in·

288 3893 431 3972 stabant,
455 3897 512 3978 qui
539 3895 649 3962 Pecok
676 3900 860 3982 episcopus,
888 3900 1044 3964 exclusus
1071 3901 1128 3964 illo
1153 3922 1242 3964 anno
1272 3901 1314 3964 de
1337 3898 1476 3965 concilio
1500 3899 1587 3982 regis
1608 3908 1644 3965 et

288 4016 390 4097 regni,
413 4018 542 4098 optavit
566 4029 600 4084 et
623 4021 723 4103 peciit
748 4022 838 4104 quod
862 4042 929 4085 non
953 4021 1157 4104 judicaretur
1182 4023 1363 4086 secundum
1386 4020 1545 4103 judicium
1570 4019 1644 4084 illo·

287 4155 360 4199 rum
386 4137 569 4216 doctorum,
595 4142 654 4205 sed
681 4162 741 4224 per
763 4143 826 4206 sibi
850 4163 955 4224 pares,
977 4164 1062 4225 quos
1087 4145 1264 4209 estimabat
1286 4163 1359 4208 esse
1381 4162 1447 4206 non
1469 4142 1644 4225 episcopos

286 4255 430 4340 Angliae,
457 4261 513 4342 qui
542 4270 631 4339 tunc,
662 4273 699 4327 ut
729 4264 907 4328 credebant
937 4262 1049 4346 aliqui,
1073 4267 1196 4331 inventi
1226 4274 1303 4331 sunt
1333 4264 1441 4328 minus
1469 4263 1640 4340 habentes,

919 4382 941 4430 E
959 4388 977 4430 e
994 4385 1012 4431 2
