3818 4904
686 439 784 493 LOCI
811 439 840 491 E
869 440 992 494 LIBRO
1028 440 1286 495 VERITATUM.
1622 447 1662 514 25

309 651 396 715 enim
416 671 481 715 non
501 652 619 715 timent
641 672 777 734 peccare
800 653 877 735 quia
899 674 965 716 non
986 655 1120 736 punitur
1140 663 1313 737 peccatum
1330 656 1362 717 in
1378 653 1449 717 aliis
1465 654 1662 733 hominibus,

309 781 344 835 et
373 772 549 883 quiasnon
580 773 768 853 puniuntur,
799 772 938 838 credunt
967 773 1048 836 illud
1083 775 1172 855 quod
1209 785 1259 837 est
1290 783 1463 856 peccatum
1495 795 1560 838 non
1590 784 1664 839 esse'

308 902 492 974 peccatum.

396 1021 431 1089 [p.
450 1021 520 1087 356]
554 1012 670 1094 Magni
694 1013 800 1076 meriti
826 1021 903 1076 sunt
930 1012 986 1093 qui
1016 1021 1131 1076 contra
1156 1021 1320 1095 praecepta
1345 1034 1458 1095 regum
1485 1025 1518 1078 et
1548 1023 1662 1078 contra

310 1133 552 1196 mundanorum
582 1134 708 1198 litteras
737 1133 911 1198 conserunt
939 1132 1047 1195 officia
1076 1141 1110 1195 et
1140 1133 1295 1197 ecclesias
1322 1134 1443 1198 talibus
1473 1133 1662 1198 horninibus

308 1251 429 1333 quibus
452 1253 545 1317 Deus
567 1255 724 1337 praecepit
746 1254 779 1316 in
802 1253 891 1316 libris
914 1251 1083 1333 scripturae
1106 1253 1213 1317 officia
1236 1253 1381 1318 conferri.

395 1381 429 1448 [p.
448 1382 516 1448 3³8]
551 1373 638 1437 Novi
662 1374 749 1437 enim
773 1393 875 1435 unum
898 1372 1068 1435 hominem
1092 1391 1165 1435 xxv
1186 1372 1348 1436 annorum
1372 1373 1405 1437 in
1427 1381 1537 1450 aetate,
1554 1381 1589 1438 et
1611 1383 1663 1439 est

308 1492 403 1575 quasi
419 1492 529 1557 fatuus
548 1494 706 1558 naturalis
725 1515 746 1557 a
767 1514 825 1563 sua
842 1492 1017 1574 juventute
1040 1500 1073 1554 et
1096 1490 1163 1555 sere
1179 1493 1300 1557 cotidie
1315 1493 1432 1572 ebrius,
1448 1505 1483 1559 et
1497 1494 1560 1558 hiis
1579 1514 1661 1557 non·

308 1612 518 1678 obstantibus
534 1625 705 1696 promotus
721 1625 771 1677 est
787 1615 819 1675 in
838 1612 976 1676 ecclesia
991 1612 1034 1674 ad
1055 1632 1155 1674 unum
1175 1633 1332 1694 magnum
1348 1614 1661 1692 archidiaconatum,

309 1740 344 1797 et
363 1735 406 1796 ad
426 1733 473 1815 xij
494 1736 688 1817 praebendas
710 1735 743 1797 in
766 1734 904 1796 diversis
924 1731 1077 1809 ecclesiis,
1093 1742 1126 1795 et
1146 1741 1259 1796 tamen
1280 1735 1384 1797 nescit
1405 1733 1495 1817 loqui
1516 1754 1665 1830 congrue!

309 1851 477 1932 Latinum,
494 1864 528 1918 et
550 1875 635 1918 unus
658 1855 759 1918 laicus
783 1854 897 1935 recipit
920 1853 1031 1915 omnia
1054 1852 1142 1915 bona
1162 1874 1222 1915 sua
1243 1863 1278 1917 et
1298 1853 1424 1919 nullum
1444 1856 1502 1918 dat
1523 1856 1552 1917 ei
1571 1875 1661 1918 com-

310 1984 436 2055 potum,
453 1976 530 2056 quia
546 1994 612 2038 non
633 1985 684 2038 est
705 1995 814 2056 capax
833 1973 1003 2070 compoti3
1026 1982 1060 2035 et
1081 1973 1170 2036 idern
1191 1973 1293 2037 laicus
1314 1975 1432 2038 retinet
1447 1975 1557 2039 omnia
1573 1975 1661 2037 bona

308 2093 447 2158 istorum
473 2094 706 2159 beneficiorum
733 2106 766 2158 et
793 2094 931 2157 exhibet
957 2093 1153 2174 praedictum
1180 2092 1308 2158 fatuum
1339 2096 1381 2158 ad
1407 2115 1600 2159 communes
1627 2096 1660 2157 in

308 2215 411 2278 domo
432 2214 574 2289 alterius,
599 2225 632 2279 et
660 2235 829 2296 nunquam
854 2214 976 2277 mansit
1003 2232 1063 2276 nec
1089 2212 1223 2296 aliquod
1245 2214 1369 2278 bonum
1392 2216 1469 2280 fecit
1493 2217 1526 2278 in
1549 2216 1662 2297 aliqua

307 2334 487 2417 praebenda
511 2356 578 2413 sua,
601 2336 751 2417 quamvis
773 2334 889 2398 habuit
911 2333 958 2415 xij
980 2334 1176 2415 praebendas
1200 2335 1309 2411 simul,
1331 2356 1392 2400 nec
1416 2355 1562 2418 unquam
1586 2335 1660 2398 visi-

309 2454 392 2519 tavit
407 2475 504 2518 suum
520 2456 832 2529 archidiaconatum,
849 2454 928 2536 quia
943 2454 1079 2517 nescivit
1096 2465 1184 2517 recte
1199 2454 1301 2537 loqui,
1317 2476 1377 2519 nec
1393 2467 1481 2521 recte
1495 2457 1632 2537 operari.

395 2584 429 2651 [p.
446 2584 517 2652 339]
549 2576 637 2639 Novi
654 2577 741 2639 enirn
757 2595 859 2638 unum
875 2575 1054 2648 hominem,
1066 2574 1163 2638 valde
1179 2575 1358 2638 inhabilem
1369 2577 1413 2642 ad
1425 2575 1660 2647 sacerdocium,

308 2696 366 2779 qui
381 2696 476 2760 dedit
496 2696 587 2759 mille
606 2717 733 2761 marcas
754 2706 787 2759 et
806 2695 1041 2777 quadrigentas
1061 2714 1121 2776 pro
1143 2715 1209 2758 una
1224 2697 1409 2778 provisione
1424 2697 1486 2761 sibi
1501 2696 1664 2778 acquisita

309 2827 343 2881 et
365 2837 521 2881 concessa
543 2838 564 2880 a
587 2837 674 2899 papa
697 2817 858 2898 Eugeni0‚
874 2825 907 2878 et
930 2837 990 2897 pro
1015 2817 1215 2879 execucione
1237 2817 1385 2898 ejusdem
1411 2817 1609 2898 provisionis¹
1627 2817 1660 2879 in

309 2956 375 3000 uno
405 2937 578 3014 decanatu,
600 2947 634 3001 et
662 2947 774 3001 tamen
802 2957 868 3000 non
896 2936 1052 3000 obstante
1078 2938 1272 3017 provisione,
1297 2948 1330 3000 et
1361 2938 1465 3000 eciam
1496 2938 1581 3020 regis
1611 2936 1661 2999 sui

309 3056 477 3136 mandato,
492 3057 548 3139 qui
572 3057 741 3122 mandavit
765 3056 912 3140 capitulo
930 3056 1314 3121 excommunicacionem
1335 3057 1413 3135 fieri,
1431 3078 1496 3120 non
1517 3057 1665 3140 optinuit.

309 3196 370 3241 nec
396 3176 512 3242 habuit
538 3178 682 3242 eundem
709 3179 916 3256 decanatum,
941 3186 975 3241 et
1002 3177 1150 3258 pluribus
1176 3180 1324 3260 pecuniis
1350 3178 1469 3256 effusis,
1496 3179 1584 3242 idem
1611 3179 1659 3240 in·

308 3296 428 3362 habilis
451 3296 558 3362 factus
589 3307 640 3361 est
664 3299 847 3380 episcopus,
871 3307 904 3362 et
930 3298 1055 3361 dimisit
1075 3297 1132 3379 jus
1158 3319 1253 3361 suum
1277 3300 1320 3362 ad
1348 3298 1429 3362 illud
1452 3300 1666 3372 decanatum‚.

309 3427 344 3482 et
366 3417 421 3481 ille
444 3419 500 3499 qui
528 3418 651 3482 electus
675 3417 736 3482 fuit
759 3420 792 3480 in
816 3420 988 3494 decanum,
1013 3419 1069 3500 qui
1094 3439 1159 3482 non
1185 3419 1245 3483 suit
1269 3420 1418 3500 provisus
1444 3440 1504 3501 per
1529 3439 1664 3500 papam,

309 3537 416 3603 sactus
439 3548 490 3602 est
514 3539 637 3602 ibidem
660 3540 813 3617 decanus
837 3549 871 3604 et
896 3540 1033 3622 quidam
1056 3540 1231 3621 episcopus
1257 3540 1354 3603 malae
1381 3541 1549 3603 memoriae
1573 3539 1665 3607 dixit
1731 3540 1734 3547 '

308 3659 376 3743 regi
400 3658 487 3723 illius
508 3661 601 3741 regni
624 3660 656 3723 in
680 3680 747 3742 quo
770 3661 841 3723 haec
863 3669 940 3724 acta
961 3671 1047 3735 sunt,
1065 3661 1154 3743 quod
1175 3682 1259 3743 opus
1276 3660 1401 3724 bonurn
1425 3661 1486 3723 suit
1508 3671 1542 3723 et
1564 3660 1661 3722 meri·

308 3780 429 3844 torium
460 3779 517 3844 tali
546 3779 617 3842 viro
649 3781 878 3862 episcopatum
905 3783 1094 3856 concedere,
1122 3791 1158 3845 ut
1191 3782 1276 3844 inter
1302 3782 1409 3863 ipsum
1437 3781 1602 3862 provisum
1626 3789 1661 3843 et

308 3899 409 3964 alium
426 3899 568 3964 electum
584 3901 617 3963 in
632 3901 831 3965 decanatum
847 3901 893 3965 sic
914 3901 1070 3977 finiretur,
1086 3911 1121 3966 et
1142 3912 1178 3964 ut
1198 3900 1502 3965 excommunicacio
1521 3900 1660 3978 illorum,

307 4021 366 4104 qui
395 4020 502 4085 electo
528 4021 561 4083 in
591 4022 754 4085 decanum
781 4032 1016 4087 consenserunt
1042 4036 1077 4087 et
1100 4023 1268 4106 provisum
1291 4023 1335 4086 ab
1361 4021 1560 4085 execucione
1590 4042 1659 4084 suae

307 4140 503 4224 provisionis
534 4142 785 4224 impediverunt,
819 4142 985 4222 finiretur;
1032 4153 1066 4208 et
1103 4143 1149 4207 sic
1185 4162 1243 4224 per
1277 4141 1432 4224 pecunias
1466 4141 1570 4218 datas,
1603 4140 1660 4223 qui

307 4261 587 4326 excommunicati
621 4262 754 4327 suerunt
784 4263 827 4327 ab
856 4262 991 4327 homine
1024 4264 1166 4327 absoluti
1202 4271 1296 4326 erant
1330 4262 1373 4324 ab
1408 4261 1559 4336 homine;
1601 4262 1659 4325 sed

974 4380 995 4428 E
