3818 4904
290 405 352 471 130
665 395 766 450 LOCI
791 397 820 449 E
848 394 974 451 LIBRO
1009 395 1271 452 VERJTATUM.

286 630 445 675 concessa
463 632 538 693 quae
559 611 739 675 multorum
757 612 918 674 malorum
937 621 1014 674 sunt
1030 610 1186 674 intereos
1202 609 1369 674 causativa
1387 627 1447 690 per
1467 606 1648 670 eorundem

289 731 439 796 abusum.

376 862 409 930 [p.
435 861 486 925 η]
536 853 592 918 Sic
623 874 728 936 nuper
757 874 841 916 unus
870 853 974 916 abbas
1005 853 1148 917 obtinuit
1180 876 1200 917 a
1231 873 1319 935 papa
1349 852 1444 934 plura
1478 849 1649 932 privilegia

288 984 403 1038 contra
437 996 533 1039 suum
564 976 757 1058 episcopum
788 975 822 1038 in
852 985 1060 1057 perpetuum,
1090 985 1123 1038 et
1154 974 1252 1038 solvit
1288 974 1422 1038 cuilibet
1457 992 1555 1055 papae
1590 990 1648 1033 an·

287 1098 417 1160 nuatim
441 1118 493 1159 xx
517 1117 654 1175 marcas,
681 1106 714 1160 et
739 1117 789 1159 xx
815 1096 871 1159 lib.
901 1098 1074 1160 annuatim
1101 1097 1180 1179 regi,
1207 1117 1248 1159 ne
1274 1116 1334 1159 rex
1364 1093 1487 1157 habeat
1516 1102 1647 1172 tempo-

287 1215 373 1280 rales
406 1217 554 1281 redditus
582 1217 750 1281 abbathiae
780 1227 857 1300 post
887 1226 1028 1282 mortem
1058 1217 1197 1299 alicujus
1226 1217 1359 1281 abbatis
1390 1216 1477 1278 illius
1507 1214 1582 1288 loci,
1613 1224 1648 1276 et

286 1335 343 1400 ille
373 1336 463 1401 idem
492 1337 598 1402 abbas
631 1337 857 1420 appropriavit
892 1358 993 1401 unam
1023 1357 1180 1419 magnam
1217 1337 1389 1402 ecclesiam
1420 1331 1647 1417 parochialem

285 1476 354 1520 suae
391 1457 566 1532 abbathiae,
597 1479 642 1521 ex
677 1456 771 1539 cujus
807 1457 954 1522 ecclesiae
985 1456 1081 1521 bonis
1117 1457 1216 1523 solvit
1253 1458 1448 1540 praedictam
1479 1473 1646 1517 summam

286 1577 468 1656 annuatim,
497 1598 595 1660 papae
626 1586 660 1642 et
690 1576 769 1660 regi,
799 1598 850 1640 xx
881 1597 1074 1652 marcarum,
1098 1587 1133 1643 et
1162 1598 1213 1639 xx
1240 1577 1408 1655 librarum,
1439 1587 1473 1641 et
1503 1595 1588 1651 cura,
1615 1582 1649 1636 et

286 1696 413 1760 bonum
440 1698 587 1779 regimen
614 1697 701 1761 illius
728 1697 876 1762 ecclesiae
905 1696 1103 1780 parochialis
1133 1718 1192 1779 per
1222 1698 1313 1762 illam
1343 1695 1648 1779 appropriationem

287 1818 475 1898 destruitur,
506 1829 540 1883 et
570 1818 627 1883 illa
657 1818 816 1883 abbathia
846 1818 937 1882 milia
967 1827 1079 1900 potest
1108 1819 1280 1882 annuatim
1308 1818 1507 1901 expendere,
1537 1824 1584 1879 et'
1603 1814 1648 1878 ibi

287 1938 402 2003 vivunt
425 1949 461 2003 ut
485 1939 611 2002 domini
634 1938 793 2003 deliciosi.

377 2059 473 2134 Item,
502 2080 606 2143 nuper
633 2080 717 2123 unus
742 2059 930 2122 mundanus
960 2060 1114 2123 sacerdos
1145 2060 1289 2142 optinuit
1318 2059 1490 2124 licenciam
1516 2077 1536 2120 a
1560 2075 1649 2138 papa

286 2296 422 2382 Anglia‚
439 2320 500 2382 per
521 2300 742 2383 provisionem
762 2320 868 2383 papae,
884 2298 955 2363 sine
977 2299 1141 2364 eleccione
1164 2310 1198 2364 et
1221 2301 1292 2365 sine
1314 2321 1476 2365 consensu
1498 2297 1648 2381 ejusdem

287 2421 433 2503 capituli,
459 2431 493 2485 et
522 2421 594 2485 sine
621 2441 783 2484 consensu
810 2420 957 2502 episcopi
988 2418 1076 2483 illius
1106 2421 1262 2500 ecclesiae,
1287 2442 1353 2485 non
1379 2421 1536 2485 obstante
1565 2438 1649 2502 quo-

286 2563 429 2625 cumque
452 2541 525 2623 jure
549 2542 582 2604 in
605 2541 806 2605 contrarium
830 2561 889 2604 seu
916 2540 1087 2623 privilegio
1113 2543 1204 2624 prius
1228 2562 1385 2607 concesso
1408 2542 1455 2605 illi
1478 2540 1648 2616 ecclesiae3

286 2672 323 2728 et
352 2663 492 2727 ecclesia
521 2661 578 2726 illa
609 2660 808 2724 cathedralis
837 2663 869 2723 vi
900 2670 934 2723 et
963 2662 1063 2724 armis
1093 2663 1123 2725 ei
1153 2664 1353 2742 restiterunt,
1383 2664 1431 2728 ita
1460 2663 1550 2745 quod
1581 2679 1649 2724 nou

287 2783 434 2848 intrabat
464 2784 497 2846 in
528 2780 701 2846 ecclesiam
733 2781 835 2858 illam,
858 2790 891 2844 et
922 2790 960 2846 ut
989 2782 1074 2846 alius
1104 2782 1229 2848 electus
1258 2805 1318 2868 per
1346 2785 1530 2869 capitulum
1560 2792 1649 2847 esset

250 2955 256 2961 .
287 2905 434 2968 decanus
463 2903 497 2966 in
528 2903 646 2967 eadem
677 2902 822 2978 ecclesia,
853 2922 938 2965 unus
968 2922 1028 2965 rex
1058 2903 1199 2970 contulit
1228 2905 1457 2988 episcopatum
1487 2904 1648 2988 praedicto

286 3025 366 3101 viro,
387 3023 518 3106 proviso
541 3043 600 3106 per
621 3043 745 3106 papam
768 3021 958 3105 Eugenium
981 3022 1015 3087 in
1033 3024 1197 3089 decanatu
1222 3027 1404 3108 praedicto;
1432 3026 1536 3091 etsie
1559 3045 1649 3108 papa

286 3144 432 3210 absolvit
454 3165 570 3209 omnes
593 3145 783 3210 resistentes
805 3143 839 3207 in
863 3143 1010 3218 materia,
1027 3146 1083 3227 qui
1107 3145 1329 3227 impedierant
1349 3168 1426 3211 eum
1447 3168 1468 3211 a
1487 3147 1650 3228 praedicto

287 3269 462 3342 decanatu,
482 3287 567 3348 quos
596 3286 685 3349 papa
707 3273 807 3331 antea
838 3266 1207 3346 excommunicaverat3
1238 3278 1272 3333 et
1295 3270 1385 3333 idem
1408 3269 1559 3353 provisus
1587 3288 1648 3333 ex·

286 3387 404 3470 pendit
427 3386 461 3450 in
487 3386 552 3450 ista
576 3385 714 3450 materia
739 3385 908 3467 praedictae
934 3386 1130 3469 provisionis
1153 3388 1187 3450 in
1210 3389 1410 3455 decanatum
1433 3390 1521 3453 illius
1543 3389 1649 3453 eccle·

287 3509 345 3571 siae
368 3507 459 3570 mille
483 3527 610 3570 marcas
633 3516 667 3570 et
689 3506 959 3587 quadringentas,
983 3515 1017 3570 et
1040 3507 1182 3590 ipsemet
1208 3509 1304 3588 dixit,
1329 3532 1384 3575 me
1406 3512 1530 3577 sciente
1557 3513 1647 3595 quod

287 3629 335 3693 sic
357 3628 445 3694 dixit
467 3627 511 3692 de
533 3629 652 3709 seipso,
677 3638 712 3691 et
734 3626 795 3691 suit
818 3627 868 3690 vir
891 3629 950 3691 vix
976 3629 1230 3710 grammaticam
1256 3652 1314 3696 seu
1341 3632 1503 3697 vocabula
1526 3633 1648 3699 Latina

288 3749 486 3833 intelligens,
510 3758 544 3813 et
574 3748 636 3813 suit
665 3747 763 3811 valde
794 3748 991 3824 mundanus,
1015 3758 1050 3812 et
1076 3751 1216 3815 camalis
1248 3753 1282 3815 in
1314 3753 1480 3818 moribus:
1510 3764 1544 3819 et
1574 3763 1648 3821 tum

286 3869 391 3953 aliqui
411 3870 565 3934 doctores
585 3869 719 3933 nomine
739 3867 898 3932 dixerunt
918 3867 988 3951 regi
1008 3869 1098 3950 quod
1119 3869 1182 3935 suit
1201 3892 1285 3955 opus
1304 3884 1457 3940 sanctum
1472 3884 1506 3939 et
1522 3875 1648 3940 bonum

288 3989 469 4054 concedere
498 3989 561 4053 sibi
596 3989 764 4054 licentiam
795 3988 889 4072 regis,
921 3996 959 4054 ut
991 3999 1080 4054 esset
1109 3992 1283 4076 episcopus
1313 3994 1347 4058 in
1372 3993 1505 4076 Wallia,
1534 4004 1569 4061 et
1601 3997 1649 4062 sic

289 4119 432 4174 cessaret
454 4109 494 4175 lis
516 4111 602 4176 inter
624 4111 733 4193 ipsum
761 4119 795 4174 et
817 4109 920 4173 alium
946 4110 1053 4173 virum
1075 4111 1131 4193 qui
1153 4112 1215 4179 suit
1238 4115 1364 4180 electus
1387 4116 1421 4179 in
1447 4117 1648 4183 decanatum

280 4230 485 4321 pradictum
507 4232 658 4315 ejusdem
681 4231 828 4298 ecclesiae
849 4252 909 4316 per
931 4231 1125 4315 capitulum.
