3818 4904
285 427 326 473 22
662 416 761 471 LOCI
787 417 817 469 E
846 416 970 469 LIBRO
1005 415 1263 472 VERITATUM.

286 631 443 695 miracula
466 632 549 696 sicut
568 632 648 695 olim
671 630 836 696 fuerunt?’
861 640 904 708 et,
926 640 1057 694 tacente
1081 631 1245 712 episcop0,
1269 651 1351 692 unus
1374 628 1508 693 clericus
1527 638 1640 692 astans

285 752 372 816 dixit
389 753 465 834 regi,
481 752 536 816 ‘Si
551 753 659 831 vultis
675 753 817 830 domine,
833 761 869 815 ut
885 752 1003 827 dicam,
1019 752 1128 814 dicam
1144 761 1288 832 quatuor
1302 773 1376 833 quae
1398 752 1551 814 videntur
1566 771 1639 814 esse

285 894 392 937 causae
418 873 515 956 hujus
528 871 546 951 ς’
575 885 609 937 et
632 873 775 937 libenter
802 893 861 935 rex
888 872 1057 948 concessit,
1083 872 1199 947 ‘Una‚’
1222 872 1329 954 inquit
1351 872 1497 949 clericus,
1522 879 1640 936 ‘causa

285 1004 336 1058 est
363 996 441 1077 quia
465 996 546 1059 olim
574 997 667 1060 Deus
691 1017 750 1078 per
775 995 998 1058 ostensionem
1025 993 1163 1076 alicujus
1189 995 1274 1076 signi
1301 997 1455 1072 ostendit,
1481 996 1554 1076 quis
1577 996 1639 1058 fuit

286 1116 417 1199 dignior
443 1118 515 1181 aliis
545 1116 732 1180 hominibus
763 1116 954 1198 episcopatu
983 1117 1100 1179 merito
1131 1117 1279 1180 scienciae
1309 1128 1344 1180 et
1371 1117 1470 1179 bonae
1495 1119 1581 1192 vitae,
1606 1127 1640 1180 et

285 1247 364 1300 tunc
386 1259 445 1319 pro
464 1238 510 1301 sic
531 1239 643 1302 electis
665 1238 757 1300 Deus
778 1237 810 1299 in
828 1237 896 1299 vita
917 1257 1030 1299 eorum
1051 1247 1086 1300 et
1107 1247 1183 1318 post
1203 1247 1344 1300 mortem
1365 1237 1441 1301 fecit
1463 1238 1638 1316 miracula;

286 1360 344 1421 sed
362 1357 432 1439 jam
454 1378 512 1440 per
528 1360 714 1421 mundanos
735 1368 768 1422 et
783 1378 842 1419 vos
858 1377 951 1438 reges
970 1356 1136 1440 eliguntur
1153 1359 1209 1439 qui
1230 1358 1324 1422 vobis
1347 1353 1480 1439 placent
1501 1357 1534 1448 in
1555 1360 1640 1440 epis·

287 1499 396 1561 copos‚
420 1489 453 1543 et
477 1477 557 1542 talia
582 1479 739 1542 miracula
762 1478 873 1560 qualia
900 1499 959 1540 vos
985 1498 1078 1560 reges
1103 1477 1218 1556 facitis,
1245 1478 1325 1541 talia
1348 1479 1472 1543 faciunt
1495 1480 1640 1562 episcopi

286 1621 345 1682 per
368 1622 427 1663 vos
455 1599 636 1663 constituti.
693 1600 778 1663 Item
806 1599 885 1662 olim
912 1619 1006 1681 reges
1032 1599 1296 1682 genuflexerunt‚
1325 1612 1481 1682 rogantes
1507 1610 1640 1664 sanctos

284 1722 372 1784 viros
398 1730 432 1785 et
454 1721 595 1784 scientes
617 1731 792 1802 acceptare
817 1740 901 1782 onus
924 1720 1119 1802 episcopale,
1143 1721 1295 1802 eoquod
1321 1720 1515 1802 perfectiora
1539 1741 1640 1803 opera

286 1842 420 1923 requirit
444 1861 545 1923 quam
568 1839 706 1922 alicujus
729 1840 896 1922 religionis
919 1841 1065 1922 privatae,
1089 1851 1122 1904 et
1146 1842 1222 1906 ideo
1244 1842 1447 1923 quiscunque
1470 1840 1641 1923 religiosus

286 1963 452 2046 professus
475 1972 587 2043 potest
610 1961 687 2045 eligi
711 1962 754 2026 ad
780 1963 1016 2044 episcopatum,
1042 1972 1075 2025 et
1102 1972 1181 2026 tunc
1205 1963 1311 2045 rogati
1335 1983 1410 2026 cum
1434 1983 1556 2046 magna
1578 1963 1641 2026 dif-

287 2083 434 2149 ticultate
464 2089 684 2164 susceperunt
709 2104 769 2165 pro
799 2083 907 2146 salute
937 2083 1121 2146 animarum
1154 2103 1238 2146 onus
1269 2082 1465 2165 episcopale,
1498 2093 1531 2147 et
1562 2093 1640 2147 tunc

286 2207 416 2270 fuerunt
446 2204 597 2268 translati
628 2215 704 2286 post
735 2215 876 2268 mortem
907 2215 1042 2287 propter
1073 2225 1186 2268 eorum
1217 2205 1382 2270 miracula.
1443 2205 1529 2268 Item
1560 2205 1641 2268 olim

287 2328 392 2392 sancti
423 2327 577 2409 episcopi,
608 2326 853 2389 considerantes
883 2346 966 2388 onus
996 2326 1207 2407 episcopatus
1238 2326 1270 2388 in
1305 2347 1372 2409 quo
1403 2325 1542 2403 fuerunt,
1574 2347 1641 2389 non

286 2450 450 2532 optabant
487 2445 652 2511 transferri
690 2447 733 2510 de
771 2447 962 2528 episcopatu
1001 2447 1034 2508 in
1072 2447 1302 2529 episcopatum
1331 2457 1467 2529 propter
1500 2445 1642 2529 majores

287 2571 431 2645 divicias
461 2568 518 2632 sed
549 2588 636 2630 nunc
669 2576 746 2630 sunt
778 2567 824 2630 ita
853 2588 943 2648 saepe
973 2566 1123 2630 translati
1154 2567 1197 2630 de
1227 2568 1419 2649 episcopatu
1451 2568 1484 2629 in
1515 2568 1642 2650 episco-

287 2700 403 2772 patum
435 2689 516 2752 dum
547 2687 669 2763 vivunt,
696 2687 786 2768 quod
817 2707 882 2748 non
914 2695 1079 2749 merentur
1109 2685 1274 2749 transferri
1305 2697 1381 2767 post
1412 2695 1554 2749 mortem
1584 2707 1643 2768 per

288 2809 511 2873 ostensionem
543 2807 786 2870 miraculorum.
847 2807 934 2869 Item
957 2807 1028 2889 jam
1055 2807 1087 2869 in
1115 2808 1186 2870 istis
1208 2806 1326 2870 diebus
1349 2819 1466 2873 emunt
1492 2810 1538 2885 ita
1568 2830 1642 2874 care

287 2951 363 2993 suas
394 2928 629 2992 translaciones
664 2939 698 2991 et
732 2948 809 2989 suos
846 2928 1057 3009 episcopatus
1086 2927 1167 2989 dum
1196 2928 1321 3006 vivunt,
1351 2930 1441 3010 quod
1472 2951 1538 2992 non
1565 2940 1642 2995 sunt

288 3050 380 3133 digni
407 3049 573 3114 transferri
601 3058 678 3130 post
704 3057 846 3110 mortem
873 3068 966 3110 suam
993 3068 1054 3110 nec
1081 3058 1118 3110 ut
1148 3047 1242 3110 Deus
1268 3060 1422 3129 operetur
1446 3071 1504 3132 per
1528 3071 1641 3114 eorum

289 3173 405 3236 merita
428 3191 528 3253 opera
550 3167 766 3234 miraculosa?
812 3170 858 3233 Et
881 3170 968 3233 dixit
991 3169 1127 3232 clericus
1148 3170 1191 3232 ad
1216 3190 1337 3251 regem,
1354 3171 1441 3235 ‘Vos
1464 3172 1562 3250 enim,
1582 3173 1641 3236 do·

288 3295 386 3372 mine,
401 3293 538 3355 novistis
561 3311 662 3354 unum
685 3292 741 3373 qui
764 3291 857 3354 dedit
881 3290 929 3371 ij0.
952 3290 1042 3353 milia
1066 3311 1249 3354 mercatum
1272 3290 1327 3353 uni
1353 3292 1489 3356 domino
1513 3303 1642 3357 terreno

287 3428 325 3480 ut
355 3413 534 3480 translatus
566 3423 653 3476 esset
683 3413 726 3477 de
756 3413 947 3495 episcopatu
975 3434 1035 3475 suo
1062 3413 1095 3474 in
1125 3411 1462 3495 archiepiscopatum!
1508 3415 1554 3480 Et
1572 3437 1642 3480 ‘rex

287 3546 462 3600 contentus
486 3535 547 3598 fuit
570 3535 781 3616 responsione
805 3533 922 3598 clerici.

376 3656 534 3739 Episcopi
561 3656 720 3728 solebant,
749 3666 786 3718 ut
813 3666 905 3738 patet
937 3657 969 3718 in
996 3657 1064 3719 vita
1095 3655 1209 3720 Sancti
1236 3656 1419 3732 Cuthberti,
1446 3658 1489 3721 de
1516 3657 1643 3723 Sancto

289 3778 484 3855 Cuthberto,
508 3778 663 3859 episcopo
687 3776 958 3855 Lindisfarnensi,
979 3776 1149 3840 humiliter
1171 3788 1206 3841 et
1228 3778 1431 3843 familiariter
1451 3778 1543 3861 loqui
1566 3801 1642 3843 cum

288 3902 355 3964 suis
385 3900 525 3963 subditis
557 3910 592 3962 ct
623 3897 771 3980 qualibet
801 3899 855 3961 die
885 3900 964 3962 dare
994 3909 1145 3981 optatam
1172 3901 1379 3963 audienciam
1409 3902 1476 3963 suis
1502 3901 1643 3965 subditis

160 4034 176 4069 '-
287 4021 511 4112 quarentibus
541 4020 632 4102 loqui
664 4041 739 4083 cum
771 4020 926 4102 episcopo
957 4042 1026 4084 suo.
1082 4021 1128 4084 Et
1161 4041 1265 4102 nuper
1289 4042 1372 4084 unus
1403 4042 1529 4103 pauper
1551 4023 1642 4087 venit

217 4138 220 4143 ’
289 4128 340 4205 ειᾶ
356 4127 516 4205 famulum
540 4142 712 4224 cujusdam
739 4141 986 4225 archiepiscopi,
1011 4142 1067 4204 filii
1096 4143 1190 4205 unius
1215 4144 1341 4206 domini
1364 4145 1491 4217 terreni,
1519 4143 1641 4218 dicens

289 4263 411 4326 ‘Miror
436 4252 524 4345 quod
552 4264 816 4346 archiepiscopus
848 4285 912 4328 non
943 4265 1072 4346 praebet
1102 4265 1309 4328 audienciam
1341 4266 1408 4329 suis
1438 4265 1578 4329 subditis
1609 4264 1642 4328 in
