3818 4904
684 447 783 503 LOCI
808 448 838 503 E
867 449 991 504 LIBRO
1026 450 1281 506 VERJTATUM.
1618 463 1657 528 71

309 657 457 744 pluribus
488 660 567 726 locis
601 661 794 725 Xtianitatis
827 664 916 726 nulla
949 663 1009 728 suit
1046 665 1162 729 divisio
1200 666 1437 748 parochiarum,
1465 669 1523 732 sed
1558 690 1658 731 unus·

256 768 260 775 ¹
309 782 458 865 quisque,
472 783 555 847 sicut
572 783 604 846 in
620 793 769 865 tempore
781 784 934 865 Judicum
947 786 1054 863 lsrael,
1067 788 1204 851 accessit
1219 790 1262 851 ad
1278 791 1483 852 sacerdotem
1501 791 1542 853 ad
1557 810 1657 871 quem

308 903 409 967 vellet
423 905 590 983 accedere,
606 915 640 968 et
662 906 704 968 ab
720 927 760 968 eo
781 907 903 986 recepit
924 918 1137 983 sacramenta,
1155 921 1189 972 et
1205 911 1465 986 instruccionem,
1482 920 1515 974 et
1531 930 1657 974 correc-

309 1027 447 1098 cionem‚
463 1037 497 1090 et
521 1027 628 1090 eidem
652 1027 745 1090 dedit
767 1047 843 1090 suas
865 1028 1020 1106 decimas,
1036 1039 1069 1092 et
1091 1031 1271 1112 aliquando
1288 1044 1423 1112 propter
1441 1031 1587 1094 savorem
1603 1031 1658 1094 vel

309 1149 510 1230 placenciam
529 1147 662 1212 alterius
676 1149 855 1211 sacerdotis
875 1151 1011 1245 retraxit
1027 1173 1062 1214 se
1077 1173 1096 1214 a
1112 1153 1209 1234 priori
1226 1153 1402 1228 sacerdote,
1420 1164 1454 1215 et
1469 1153 1606 1216 contulit
1622 1173 1658 1214 se

309 1281 344 1333 et
359 1270 505 1333 decimas
520 1290 595 1333 suas
611 1271 643 1332 in
660 1289 776 1332 manus
795 1270 927 1335 alterius
945 1254 1132 1349 sacerdotis,
1147 1285 1180 1337 et
1196 1274 1241 1337 sic
1258 1273 1404 1337 conlusio
1419 1273 1480 1336 fuit
1497 1286 1529 1337 et
1547 1274 1657 1336 multi·

308 1390 388 1472 plex
418 1391 546 1454 occasio
574 1391 762 1472 multiplicis
789 1392 876 1470 mali,
901 1414 945 1455 ex
972 1415 1012 1456 eo
1036 1395 1125 1475 quod
1153 1394 1213 1456 suit
1245 1395 1442 1458 incertitudo
1470 1385 1675 1459 curatorum*

309 1515 434 1593 absque
452 1512 611 1575 divisione
626 1511 851 1593 parochiarum
869 1514 901 1575 in
917 1514 1052 1576 diversis
1068 1514 1156 1592 locis
1173 1526 1206 1579 et
1223 1515 1298 1578 ideo
1314 1515 1486 1578 concilium
1503 1516 1657 1598 generale

308 1635 498 1717 generalem
524 1634 640 1699 statuit
670 1633 864 1696 divisionem
891 1633 1118 1715 parochiarum
1147 1655 1205 1716 per
1232 1636 1447 1698 universalem
1476 1636 1657 1714 ecclesiam,

309 1758 459 1838 quamvis
474 1756 549 1818 talis
572 1756 688 1819 divisio
710 1753 937 1835 parochiarum
960 1757 992 1817 in
1011 1755 1159 1836 pluribus
1179 1755 1258 1817 locis
1278 1756 1366 1836 prius
1381 1756 1442 1818 fuit
1460 1756 1491 1817 in
1508 1768 1657 1838 tempore

306 1876 542 1959 apostolorum,
558 1887 594 1939 ut
617 1885 780 1938 testantur
801 1875 953 1938 doctores
975 1895 1073 1957 super
1096 1877 1254 1957 praedieto
1277 1885 1374 1938 textu
1391 1875 1539 1939 Actuum
1559 1877 1656 1957 xiiij0.

306 1998 402 2079 Juste
417 2008 529 2060 autem
545 2006 578 2059 et
594 2006 707 2059 sancte
723 2007 872 2072 rectores,
888 1995 1119 2058 habundantes
1135 1997 1167 2057 in
1188 1997 1276 2058 bona
1293 1995 1363 2076 ejus
1379 1993 1453 2080 (sic)
1469 1997 1596 2071 oblatis
1614 2001 1657 2062 de

308 2119 512 2202 parochianis
527 2119 594 2179 suis
609 2118 770 2180 dederunt
793 2117 915 2179 sanctis
930 2116 1135 2197 pauperibus,
1152 2127 1185 2179 et
1202 2117 1324 2179 sanctis
1341 2117 1509 2180 monachis
1525 2119 1579 2199 qui
1596 2141 1655 2182 sua

308 2249 341 2303 et
362 2250 457 2303 actus
479 2249 626 2303 terrenos
649 2258 708 2320 pro
732 2236 801 2300 Xto
825 2236 1032 2318 reliquerant,
1052 2247 1088 2300 ut
1110 2258 1197 2300 verae
1222 2238 1404 2318 cognicioni
1430 2247 1463 2301 et
1486 2238 1656 2308 afleccioni

306 2361 490 2424 divinarum
513 2379 618 2423 rerum
644 2359 775 2421 liberius
797 2368 960 2421 vacarent.
1007 2357 1060 2420 De
1091 2357 1185 2420 bonis
1211 2358 1279 2419 suis
1298 2357 1370 2437 jure
1398 2369 1557 2439 perpetuo
1579 2380 1657 2423 con·

307 2472 453 2545 tulerunt
477 2491 512 2544 ut
536 2499 649 2544 eorum
672 2478 1000 2561 superhabundancia
1023 2477 1150 2540 illorum
1175 2476 1333 2541 relevaret
1357 2478 1523 2558 inopiam;
1554 2488 1587 2541 et
1611 2481 1656 2543 sic

305 2601 477 2683 apostolus
498 2601 706 2664 beatissimus
723 2599 843 2662 Paulus
862 2599 1032 2662 laborabat
1055 2597 1206 2660 manibus
1229 2598 1294 2659 suis
1318 2597 1398 2660 citra
1418 2609 1549 2679 tempus
1572 2620 1655 2681 prae·

307 2723 449 2800 dicandi,
473 2721 643 2798 scribendi,
668 2731 702 2784 et
726 2721 850 2798 orandi,
874 2741 915 2782 ne
939 2718 1082 2801 aliquem
1107 2729 1265 2799 gravaret,
1288 2717 1376 2780 bona
1401 2719 1594 2800 recipiend0,
1617 2731 1654 2785 ut

307 2853 399 2926 patet
423 2842 571 2906 Actuum
594 2842 759 2915 vicesimo,
782 2851 816 2904 et
842 2841 885 2903 ad
910 2839 1195 2902 Tessalonicenses
1218 2839 1363 2902 secundo
1391 2840 1545 2920 capitulo
1600 2840 1655 2905 Sic

307 2966 412 3028 sancti
436 2964 494 3026 viri
518 2973 552 3026 et
576 2961 736 3036 monachi,
753 2983 794 3024 ne
816 2981 916 3043 quem
940 2971 1121 3042 gravarent,
1138 2959 1225 3022 bona
1248 2959 1319 3040 ejus
1341 2960 1542 3040 accipiendo
1558 2970 1590 3025 et
1614 2982 1656 3024 ne

306 3086 420 3149 debita
435 3105 535 3166 opera
551 3104 610 3166 pro
625 3082 839 3145 offerentibus
854 3080 937 3148 forte
952 3082 1152 3153 omitterent,
1169 3080 1221 3142 vel
1242 3080 1337 3142 bonis
1358 3080 1479 3144 oblatis
1495 3081 1654 3163 implicati

306 3217 341 3270 et
357 3206 507 3287 impediti
531 3213 638 3267 essent
661 3203 704 3265 ab
727 3202 856 3266 actibus
878 3201 1039 3277 virtuosis,
1056 3200 1208 3263 manibus
1230 3201 1297 3262 suis
1320 3210 1469 3282 tempore
1491 3212 1654 3283 oportuno

305 3326 510 3398 laborabant,
536 3326 623 3388 unde
648 3324 794 3386 viverent
824 3331 859 3384 et
885 3321 972 3384 unde
998 3330 1129 3384 sanctos
1159 3320 1259 3383 libros
1283 3321 1470 3393 scriberent,
1498 3331 1533 3384 ut
1559 3335 1653 3404 patet

305 3449 338 3511 in
367 3447 519 3529 Epistola
551 3445 664 3508 Sancti
684 3443 842 3526 Jeronimi
868 3442 912 3505 ad
937 3441 1146 3505 Cromacium
1173 3453 1207 3505 et
1236 3441 1453 3505 Heliodorum
1482 3443 1654 3525 episcopos

305 3572 348 3633 de
378 3569 568 3632 invencione
599 3564 775 3646 martilogii
806 3583 864 3645 per
895 3562 1076 3626 Eusebium
1103 3561 1338 3626 Caesariensem
1370 3564 1570 3645 episcopum,
1597 3565 1653 3626 ubi

305 3691 448 3756 Sanctus
463 3689 648 3772 Jeronimus
667 3696 813 3758 testatur,
829 3683 918 3766 quod
935 3683 1091 3765 praefatus
1107 3683 1281 3764 episcopus
1297 3683 1460 3746 Eusebius
1484 3686 1654 3766 respondit

304 3812 502 3894 imperatori,
521 3809 632 3892 plures
658 3807 849 3871 dotaciones
872 3805 1017 3868 ecclesias
1044 3825 1113 3867 suae
1137 3802 1328 3867 Caesariensi
1354 3803 1512 3878 offerenti,
1535 3804 1653 3868 ‘Suffi-

304 3935 427 3998 ciencia
453 3931 622 4007 habemus,
646 3938 679 3991 et
710 3928 784 3990 ideo
813 3926 924 3988 oblata
956 3945 1014 4006 per
1044 3934 1077 3987 te
1109 3944 1174 3986 non
1202 3924 1392 4005 recipimus3
1426 3923 1508 3988 alios
1538 3937 1651 3989 autem

303 4056 546 4137 dispensatores
569 4061 603 4114 et
629 4050 793 4112 ministros
818 4048 979 4110 bonorum
1005 4046 1120 4109 talium
1144 4066 1272 4126 quaeras
1288 4041 1313 4121 ;'
1345 4055 1377 4107 et
1403 4047 1434 4106 in
1458 4046 1525 4109 vita
1551 4046 1652 4111 Sanc·

302 4176 421 4240 tissimi
453 4173 598 4247 Martini,
629 4182 715 4234 teste
748 4169 904 4250 Sulpicio
935 4168 1101 4248 reperitur,
1129 4168 1217 4248 quod
1253 4167 1336 4229 inter
1366 4167 1545 4230 monachos
1575 4188 1652 4231 suos

303 4315 483 4381 pauperem
498 4294 601 4356 vitam
617 4293 783 4368 ducentes,
798 4289 853 4371 qui
869 4288 958 4371 prius
981 4290 1013 4350 in
1028 4290 1096 4350 vita
1118 4285 1264 4350 saeculari
1290 4298 1324 4349 ut
1347 4287 1472 4349 domini
1491 4289 1652 4367 vixerant,
