3818 4904
664 442 764 496 LOCI
789 440 818 494 E
847 441 971 495 LIBRO
1006 438 1266 494 VERITATUM.
1584 447 1641 495 121

290 663 324 720 et
350 655 435 720 circa
461 655 542 719 illud
568 665 701 738 tempus
727 654 852 718 domini
879 655 921 718 de
948 653 1073 732 Prucia‚
1097 653 1292 719 cruciferarii
1320 654 1352 715 in
1379 651 1463 716 albis
1487 653 1645 730 vestibus,

289 796 365 839 cum
389 776 490 859 nigris
513 777 672 854 cmcibus,
687 775 818 858 expulsi
839 786 873 840 et
895 775 993 839 occisi
1011 774 1144 839 fuerunt
1165 795 1226 857 per
1247 774 1398 837 homines
1414 773 1548 850 Pruciae,
1567 774 1645 855 quia

289 896 336 959 illi
360 897 554 962 cruciferarii
578 896 656 960 mali
683 906 717 961 et
740 895 857 960 ribaldi
882 895 916 959 in
942 895 1059 959 Prucia
1083 894 1301 988 habebantur,
1325 904 1360 958 et
1386 914 1499 958 eorum
1526 903 1650 969 castra,-

290 1027 424 1081 centum
454 1017 505 1081 vel
536 1018 631 1093 ultra,
659 1038 725 1081 una
752 1017 806 1081 die
836 1017 868 1079 in
900 1016 1015 1079 Prucia
1042 1015 1211 1082 destructa
1239 1014 1380 1093 fuemnt,
1404 1014 1424 1078 i.
1434 1035 1463 1077 e.
1491 1012 1645 1076 homines

290 1137 422 1201 illorum
456 1145 647 1202 castrorum.
697 1136 877 1202 Praedictus
907 1137 1087 1219 imperator
1115 1133 1300 1200 Tuscorum
1329 1135 1470 1199 vocabat
1499 1135 1643 1216 seipsum

289 1257 509 1336 Waldewach,
533 1268 566 1322 et
593 1258 639 1323 sic
666 1258 805 1340 scripsit,
831 1256 1062 1320 ‘Waldewach
1088 1256 1200 1338 gracia
1226 1255 1439 1330 Machometi,
1466 1255 1646 1337 imperator

289 1375 483 1457 Turcorum,
506 1387 541 1442 et
565 1377 790 1455 Tartarorum,
816 1387 850 1441 et
880 1372 1091 1452 Graecorum,'
1120 1385 1153 1440 et
1180 1375 1242 1440 fuit
1265 1375 1351 1439 filius
1376 1376 1552 1440 bastardus
1582 1376 1643 1437 im·

289 1499 450 1580 peratoris
471 1498 665 1576 Turcorum,
684 1499 741 1580 qui
762 1508 879 1582 captus
903 1507 936 1562 et
962 1499 1153 1580 redemptus
1176 1517 1236 1579 per
1259 1497 1415 1580 Ungaros
1439 1497 1473 1558 in
1493 1506 1644 1578 tempore

291 1614 497 1702 Sigismundi
520 1618 728 1701 imperatoris
752 1619 905 1696 Romani,
927 1618 1108 1682 vocabatur
1132 1615 1289 1681 Cassinus
1311 1600 1374 1681 seu
1394 1616 1581 1681 Cassianus.

377 1748 410 1814 [p.
427 1746 497 1813 59⁶]
519 1735 600 1813 Vae!
621 1735 689 1802 vae!
713 1739 886 1821 cupiditati
908 1739 1062 1816 ecclesiae,
1079 1739 1157 1821 quia
1177 1737 1248 1820 jam
1271 1759 1315 1802 ex
1338 1739 1496 1802 mandato
1520 1758 1644 1813 eorum,

290 1859 348 1942 qui
371 1868 522 1940 regerent
545 1858 578 1921 in
601 1857 739 1923 ecclesia
762 1858 1121 1935 cathedrali'Eborum,
1145 1859 1230 1923 circa
1253 1879 1376 1923 annum
1392 1858 1529 1922 Domini
1552 1876 1643 1937 1440,

290 1977 432 2062 quilibet
462 1987 595 2043 curatus
625 1979 660 2042 in
685 1980 807 2043 diocesi
837 1978 939 2043 habet
968 1980 1003 2042 in
1028 1978 1211 2056 mandatis,
1225 1989 1262 2044 ut
1290 1980 1460 2064 praecipiat
1490 1988 1524 2043 et
1553 1978 1644 2061 quod

291 2099 443 2182 injungat
474 2099 608 2164 cuilibet
641 2100 822 2177 confitenti,
853 2109 1034 2183 antequam
1063 2100 1261 2178 absolvatur,
1291 2111 1329 2164 ut
1358 2101 1465 2165 solvat
1494 2099 1643 2181 quolibet

290 2240 389 2298 anno,
403 2220 489 2284 sicut
511 2219 566 2284 ille
588 2231 720 2285 curatus
743 2221 773 2284 ei
797 2221 955 2304 praecipit,
973 2220 1105 2284 fabricae
1129 2221 1276 2285 ecclesiae
1298 2221 1503 2296 cathedralis,
1527 2229 1562 2285 et
1583 2220 1641 2284 tali

290 2341 392 2403 modo
415 2348 525 2421 potest
547 2340 709 2423 imperare
730 2351 767 2404 ut
790 2342 930 2424 quilibet
952 2342 1010 2404 det
1033 2341 1080 2407 eis
1102 2342 1214 2406 omnia
1236 2361 1310 2424 quae
1330 2341 1442 2405 habet.

381 2461 478 2525 Unus
508 2461 624 2525 doctor
654 2463 687 2524 in
715 2462 853 2526 concilio
881 2463 1053 2526 Basiliensi
1079 2462 1157 2527 fecit
1187 2473 1221 2527 et
1251 2463 1380 2545 scripsit
1410 2463 1455 2525 ibi
1486 2482 1643 2543 magnum

290 2589 404 2645 actum
425 2581 469 2644 de
490 2580 706 2665 indulgenciis
729 2582 912 2665 papalibus,
929 2593 963 2648 et
985 2584 1065 2648 dicit
1088 2583 1122 2647 in
1142 2583 1199 2647 illo
1219 2592 1305 2659 actu,
1322 2584 1411 2664 quod
1435 2603 1501 2646 non
1524 2583 1644 2666 reperit

291 2722 352 2766 nec
371 2701 495 2765 invenit
511 2701 736 2785 indulgencias
757 2710 930 2768 concessas
946 2713 980 2768 et
994 2703 1154 2786 sigillatas
1170 2705 1270 2768 modo
1290 2703 1356 2781 illo,
1370 2704 1427 2785 qui
1448 2700 1520 2789 (sic)
1540 2703 1644 2767 utitur

290 2808 354 2885 hiis
375 2822 500 2900 diebus,
516 2822 598 2886 inira
621 2823 711 2888 mille
734 2844 837 2888 annos
860 2825 920 2889 Xti
943 2846 1014 2889 esse
1036 2846 1218 2903 concessas,
1241 2846 1300 2890 nec
1325 2827 1369 2889 ab
1391 2825 1504 2908 aliquo
1526 2834 1642 2889 sancto

291 2964 465 3026 expressas
495 2946 597 3008 modo
616 2944 687 3026 jam
709 2946 839 3010 usitato.
883 2946 993 3010 Actus
1015 2947 1102 3010 illius
1124 2948 1268 3011 doctoris
1290 2947 1333 3010 de
1355 2946 1570 3029 indulgenciis
1594 2956 1643 3012 est

293 3063 447 3142 Oxoniae,
478 3065 511 3127 in
539 3063 689 3149 Collegio
721 3066 908 3144 Dunelmae,
938 3069 971 3130 in
1003 3087 1124 3149 magno
1155 3067 1238 3130 libro
1268 3067 1373 3150 papiri
1397 3068 1451 3130 De
1479 3067 1580 3150 gestis
1610 3076 1644 3130 et

290 3185 373 3248 actis
403 3184 531 3249 concilii
557 3186 674 3264 Pisani,
704 3197 739 3251 et
771 3188 898 3251 concilii
924 3186 1198 3266 constanciensis,
1222 3198 1255 3252 et
1285 3188 1412 3252 concilii
1436 3187 1643 3264 Basiliensis3

291 3305 382 3386 quod
407 3305 583 3369 concilium
614 3306 794 3371 Basiliense
820 3329 880 3390 per
909 3309 1110 3372 sentenciam
1142 3310 1241 3392 Papae
1269 3309 1410 3393 Eugenii
1437 3307 1511 3391 iiijfl,
1541 3329 1645 3389 usque

290 3427 334 3489 ad
362 3425 554 3505 Ferrariam,
577 3435 610 3490 et
640 3449 662 3490 a
685 3427 832 3491 Ferraria
860 3429 904 3492 ad
928 3428 1156 3495 Florenciam:
1184 3432 1243 3495 sed
1267 3429 1442 3495 concilium
1465 3429 1646 3492 Basiliense

292 3566 360 3610 non
383 3546 531 3610 obedivit
553 3549 729 3612 sentenciae
751 3549 828 3612 latae
851 3571 911 3633 per
926 3551 1123 3634 Eugenium,
1138 3554 1197 3617 sed
1220 3573 1278 3635 per
1295 3550 1498 3616 sentenciam
1519 3548 1647 3614 concilii

292 3666 484 3731 Basiliensis
510 3669 689 3750 praedictus
713 3668 881 3753 Eugenius
914 3670 976 3735 luit
1004 3673 1183 3755 depositus,
1209 3683 1243 3737 et
1269 3694 1329 3755 pro
1355 3645 1508 3755 deposito
1534 3671 1567 3732 in
1591 3669 1647 3732 illo

292 3787 432 3851 concilio
460 3789 703 3870 pronunciatus,
725 3799 758 3854 et
786 3791 856 3854 dux
881 3790 1057 3856 Sabaudiae
1080 3794 1113 3855 in
1136 3814 1258 3876 papam
1281 3793 1404 3857 electus
1430 3791 1492 3854 ruit
1513 3790 1546 3852 in
1571 3809 1648 3852 con·

219 3893 224 3901 ¹
292 3907 368 3972 cilio
391 3907 447 3972 illo
463 3908 645 3988 Basiliensi,
662 3920 696 3976 et
716 3911 814 3974 Felix
834 3921 970 3976 vocatus
993 3912 1063 3992 fuit,
1079 3914 1136 3996 qui
1157 3923 1234 3997 post
1255 3922 1395 3976 mortem
1413 3911 1554 3992 Eugenii
1575 3909 1650 3992 iiijfl‚

292 4029 328 4091 in
359 4039 509 4112 tempore
534 4030 688 4095 Nicholai
719 4032 833 4113 quinti,
861 4042 1022 4115 papatum
1052 4053 1149 4097 suum
1180 4034 1366 4116 resignavit,
1390 4041 1424 4095 et
1452 4039 1532 4095 tunc
1561 4031 1650 4095 solus

293 4148 476 4213 Nicholaus
511 4171 681 4216 successor
709 4152 851 4236 Eugenii
881 4152 947 4235 iiijti
977 4175 1037 4236 pro
1067 4175 1155 4238 papa
1183 4164 1341 4237 acceptus
1369 4161 1429 4217 est.
1488 4152 1652 4218 Dominus

294 4269 384 4333 enim
409 4270 502 4335 Deus
528 4271 637 4337 beatae
663 4273 812 4356 Brigittae
835 4274 943 4339 viduae
973 4276 1015 4338 de
1045 4296 1147 4358 regno
1174 4275 1302 4340 Sueciae
1336 4273 1368 4337 in
1395 4272 1652 4339 revelacionibus

962 4392 986 4440 R

903 4450 915 4479 ι
