3818 4904
649 438 747 492 LOCI
773 439 802 492 E
832 439 955 494 LIBRO
991 441 1246 499 VERITATUM.
1583 452 1624 517 47

274 649 454 725 Trinitatis,
475 650 536 714 luit
561 662 768 715 consecratus
791 654 823 716 in
845 655 1060 732 sacerdotem,
1076 664 1109 719 et
1133 656 1165 717 in
1187 656 1272 719 sesto
1298 655 1383 719 illius
1400 655 1624 722 Sanctissimae

274 770 445 835 Trinitatis
478 770 540 834 luit
569 782 778 836 consecratus
812 774 844 836 in
875 750 1076 857 episcopum,
1115 785 1148 839 et
1185 776 1219 839 in
1251 776 1392 840 crastino
1429 777 1515 841 illius
1550 778 1624 843 sesti

275 889 499 956 Sanctissimae
526 891 706 968 Trinitatis,
737 913 781 956 sc.
812 893 846 956 in
872 894 926 957 die
957 894 1071 973 Lunae,
1098 895 1186 959 idem
1214 896 1337 960 Beatus
1361 895 1519 977 Thomas,
1546 907 1625 963 tunc

275 1009 521 1077 cantuariensis
543 1012 815 1096 archiepiscopus,
841 1013 984 1096 sigillum
1011 1015 1137 1098 regium
1161 1017 1251 1098 quod
1275 1018 1345 1100 ipse
1375 1019 1519 1099 portavit
1534 1075 1536 1078 ,
1549 1040 1625 1082 can·

274 1131 425 1196 cellarius
454 1132 589 1216 Angliae
619 1133 708 1196 misit
743 1135 811 1215 regi
844 1134 988 1198 Henrico
1016 1133 1057 1213 2⁰,
1088 1145 1167 1200 tunc
1203 1137 1270 1219 regi
1300 1136 1442 1219 Angliae,
1472 1148 1506 1202 et
1543 1138 1624 1203 illud

273 1253 417 1317 officium
445 1252 702 1319 Cancellariatus
729 1251 863 1337 Angliae
890 1255 1015 1318 dimisit
1041 1264 1075 1320 et
1102 1257 1311 1330 renunciavit,
1338 1259 1450 1322 dicens
1480 1259 1625 1342 seipsum

274 1374 466 1457 episcopum
496 1394 562 1437 non
593 1394 690 1455 posse
720 1375 828 1438 officio
858 1384 892 1438 et
922 1376 1035 1440 debito
1066 1376 1151 1440 illius
1181 1374 1480 1460 archiepiscopatus
1513 1380 1625 1443 debite

273 1514 398 1572 vacare,
414 1494 474 1558 nisi
497 1494 680 1558 dimitteret
702 1495 844 1557 officium
863 1493 1121 1559 cancellariatus
1136 1495 1280 1578 Angliae,
1297 1519 1341 1561 ex
1363 1518 1431 1580 quo
1454 1498 1542 1568 sacto
1564 1519 1625 1562 rex

272 1613 407 1697 Angliae
443 1615 544 1678 iratus
575 1615 637 1678 luit
673 1623 788 1679 contra
820 1614 979 1680 Sanctum
1009 1615 1186 1695 Thomam,
1219 1617 1275 1698 qui
1304 1616 1446 1681 Sanctus
1475 1618 1625 1682 Thomas

273 1734 381 1799 nullos
407 1735 505 1799 solvit
529 1735 653 1818 primos
684 1734 808 1799 lructus
832 1755 889 1798 seu
920 1746 1064 1800 annuata
1094 1757 1191 1818 papae
1223 1737 1387 1814 Roman0,
1409 1737 1487 1821 quia
1517 1739 1625 1802 nullus

274 1856 447 1938 episcopus
484 1864 634 1938 tempore
671 1855 727 1919 illo
757 1854 873 1919 Sancti
903 1855 1044 1919 Thomae
1083 1856 1329 1920 Cantuariensis
1366 1856 1464 1921 solvit
1501 1859 1625 1941 primos

273 1976 395 2040 fructus
418 1997 474 2040 seu
494 1986 639 2040 annuata
658 1995 755 2058 papae
772 1975 935 2053 Romano,
951 1995 1011 2039 nec
1034 1985 1142 2039 antea.
1182 1975 1302 2041 Postea
1323 1986 1401 2041 tunc
1422 1978 1455 2040 in
1476 1986 1626 2061 ternpore

274 2096 374 2179 Papae
405 2096 559 2171 Romani,
590 2095 751 2176 Johannis
783 2112 832 2173 22,
862 2095 959 2176 primi
988 2095 1112 2159 fructus
1145 2096 1393 2179 episcopatuum
1428 2097 1461 2160 in
1491 2097 1625 2182 Anglia,

273 2216 329 2298 qui
353 2226 513 2280 vocantur
536 2225 659 2279 annata
685 2216 717 2279 in
740 2216 829 2279 curia
853 2215 1014 2293 Romana,
1037 2215 1119 2279 solvi
1142 2226 1307 2298 ceperunt,
1331 2238 1374 2280 ex
1398 2218 1517 2300 cupida
1538 2220 1625 2283 ordi-

273 2336 411 2400 nacione
441 2336 541 2418 Papae
570 2335 730 2417 Johannis
762 2333 812 2400 22¹
843 2344 876 2399 et
912 2335 973 2398 sibi
1007 2335 1239 2400 adherencium
1269 2337 1302 2399 in
1332 2337 1420 2402 curia
1451 2338 1603 2402 Romana
1614 2365 1624 2416 ς

273 2466 307 2521 et
336 2457 383 2520 sic
409 2455 479 2538 jam
511 2455 645 2520 inolevit
676 2457 709 2518 in
735 2455 860 2537 Anglia
884 2456 972 2536 quod
1000 2476 1180 2520 concensus
1203 2457 1301 2538 Papae
1325 2457 1468 2520 Romani
1495 2466 1528 2520 et
1555 2458 1625 2539 ejus

273 2597 413 2642 camerae
447 2584 481 2639 et
515 2596 696 2640 concensus
730 2576 814 2659 regis
847 2575 880 2638 in
910 2574 1044 2658 Anglia,
1077 2585 1110 2640 et
1147 2586 1237 2640 certa
1275 2576 1377 2640 millia
1412 2578 1624 2660 pecuniarum

273 2698 479 2763 constituunt
509 2697 700 2778 episcopum
728 2715 958 2777 quemcunque
984 2695 1054 2777 jam
1085 2697 1117 2759 in
1144 2695 1278 2779 Anglia,
1304 2707 1340 2760 ut
1370 2698 1413 2760 sit
1443 2698 1624 2781 episcopus.

274 2818 407 2882 Eleccio
438 2817 525 2880 enim
553 2815 699 2899 episcopi
727 2816 760 2878 in
787 2814 913 2898 Anglia
938 2814 1002 2879 hiis
1028 2816 1144 2880 diebus
1169 2816 1268 2881 nichil
1295 2816 1373 2882 iacit
1400 2818 1461 2881 nisi
1491 2819 1625 2882 nomine

272 2950 369 3004 tenus
391 2947 532 3011 tantum,
557 2947 591 3001 et
615 2937 690 3000 ideo
714 2936 859 3018 episcopi
883 2956 949 2999 non
975 2938 1099 3001 audent
1125 2936 1293 3002 offendere
1317 2939 1384 3021 regi
1411 2947 1445 3002 et
1471 2939 1537 3002 suis
1567 2959 1627 3022 per

273 3080 357 3142 quos
379 3058 632 3124 constituuntur.

360 3189 398 3257 [p.
414 3186 485 3252 4²1]
531 3179 571 3242 In
597 3178 714 3241 diebus
746 3176 881 3241 Henrici
908 3174 947 3254 6¹,
977 3175 1112 3260 Angliae
1143 3178 1236 3262 regis,
1266 3179 1384 3244 diversi
1413 3180 1626 3262 optinuerunt

273 3301 316 3365 ab
346 3301 419 3384 ipso
452 3320 530 3383 rege
561 3300 624 3363 sub
659 3297 766 3382 sigillo
796 3318 856 3361 suo
886 3296 1066 3372 licenciam,
1102 3307 1138 3363 ut
1169 3319 1267 3382 papae
1298 3300 1441 3365 Romani
1473 3300 1624 3367 Nicholai

273 3421 380 3505 quinti
407 3421 629 3504 provisionem
654 3420 697 3482 ad
725 3418 933 3502 episcopatus
958 3428 1177 3501 acceptarent,
1203 3431 1238 3484 et
1263 3441 1323 3502 pro
1347 3421 1403 3485 illa
1428 3420 1582 3485 habenda
1605 3440 1625 3482 a

273 3563 362 3626 papa
384 3562 444 3626 per
467 3540 639 3606 licenciam
662 3539 748 3623 regis
770 3540 967 3617 laborarent,
992 3548 1026 3602 et
1045 3549 1082 3603 ut
1106 3561 1204 3623 papae
1227 3540 1413 3605 laborarent
1436 3562 1495 3622 pro
1518 3560 1625 3605 cassa·

273 3664 369 3728 cione
402 3662 518 3726 habita
550 3683 607 3725 seu
641 3660 796 3725 habenda
830 3680 889 3742 pro
927 3659 1038 3741 aliqua
1067 3680 1207 3743 persona
1244 3661 1308 3725 alia
1345 3680 1445 3742 quam
1475 3680 1535 3742 pro
1569 3659 1625 3728 illa

266 3803 423 3867 persona,
441 3804 541 3866 quam
566 3803 626 3846 rex
650 3781 833 3846 licenciavit
855 3781 898 3843 ad
921 3780 1162 3862 acceptandum
1186 3781 1405 3863 provisionem
1428 3800 1533 3862 papae.
1579 3780 1626 3845 Et

272 3905 319 3970 sic
346 3904 408 3968 luit
432 3904 606 3988 episcopus
630 3902 841 3967 Menevensis
867 3921 950 3965 unus
975 3901 1096 3965 aularis
1127 3901 1212 3987 regis
1238 3911 1376 3966 vocatus
1398 3902 1441 3964 de
1466 3900 1500 3966 la
1522 3900 1625 3981 Meer‚

273 4034 308 4090 et
334 4026 380 4090 sic
406 4025 470 4089 fuit
500 4025 650 4107 provisus
675 4044 735 4107 per
761 4041 884 4106 papam
914 4023 947 4085 in
978 4021 1176 4086 decanatum
1200 4042 1356 4105 magnum
1380 4021 1626 4086 Eboracensem

272 4147 410 4229 quidam
442 4144 605 4209 Ricardus
635 4144 794 4220 Andrew,
828 4143 975 4221 civilista,
1006 4153 1040 4207 et
1066 4143 1112 4206 sic
1141 4142 1203 4206 fuit
1234 4142 1382 4226 provisus
1416 4163 1474 4224 per
1495 4122 1625 4224 ‘papam

274 4266 473 4332 Nicholaum
498 4275 540 4345 5¹¹¹
569 4267 603 4330 in
634 4264 914 4347 archiepiscopum
946 4263 1189 4329 Eboracensem
1212 4260 1406 4326 Willelmus
1437 4262 1536 4350 Buth,
1568 4263 1625 4344 qui
