3818 4904
283 377 346 445 230
621 361 844 417 EXCERPTA
869 361 899 413 E
920 360 1016 413 MSS.
1042 359 1296 415 GASCOIGNII.

282 581 480 647 consentiret
504 598 615 661 regem
637 597 733 640 suum
757 575 946 650 Ricardum,
970 573 1064 656 cujus
1087 575 1285 639 contrarium
1309 583 1422 640 tamen
1445 573 1522 640 lecit
1545 577 1634 641 idem

284 702 458 779 Henricus,
488 699 638 782 cogendo
674 717 786 778 regem
817 695 998 759 Ricardum
1028 694 1193 777 resignare
1228 715 1384 759 coronam
1420 696 1454 758 in
1490 697 1634 763 crastino

283 822 455 887 Michaelis
476 819 658 883 Londoniis
681 818 769 900 apud
785 815 1125 893 westmonasterium,
1147 815 1224 879 licet
1244 817 1333 898 prius
1354 814 1551 882 fidelitatem
1571 818 1633 882 sibi

279 943 401 1025 juravit
424 942 457 1004 in
480 938 660 1023 praesencia
682 935 918 1020 archiepiscopi
936 935 1098 1013 Arundel,
1114 945 1148 999 et
1170 937 1298 1001 comitis
1322 935 1579 1017 Northumbriae,
1600 949 1634 1005 et

279 1062 405 1128 domini
426 1061 567 1124 Thomae
584 1058 675 1141 Gray
696 1078 771 1122 cum
794 1077 893 1121 curvo
915 1058 1011 1139 pede.
1056 1053 1195 1145 [Comes
1218 1058 1306 1122 enim
1331 1059 1456 1139 Darby,
1479 1078 1523 1124 sc.
1545 1080 1631 1142 prae·

281 1185 390 1249 dictus
407 1181 571 1246 Henricus
586 1180 743 1263 Quartus
762 1178 884 1261 juravit
906 1198 1004 1260 super
1024 1198 1142 1260 corpus
1158 1178 1218 1242 Xti
1239 1179 1272 1241 in
1293 1188 1500 1250 sacramento
1520 1179 1632 1245 altaris

282 1313 317 1368 et
340 1302 421 1366 illud
448 1300 571 1383 recepit
596 1301 630 1363 in
654 1300 733 1364 villa
756 1300 799 1362 de
825 1297 977 1380 Chestyr,
1002 1299 1091 1381 quod
1119 1318 1288 1381 nunquam
1316 1299 1491 1365 rebellaret
1518 1311 1632 1365 contra

282 1442 393 1507 regem
410 1422 599 1497 Ricardum,
617 1440 677 1484 nec
700 1440 775 1483 eum
795 1419 916 1502 deponi
934 1440 955 1482 a
975 1439 1096 1484 corona
1119 1420 1327 1493 consentiret,
1345 1430 1378 1485 et
1401 1419 1489 1483 istud
1510 1419 1632 1503 juravit

280 1562 391 1607 coram
413 1541 659 1624 archiepiscopo
679 1539 811 1603 Thoma
833 1538 996 1616 Arundel,
1020 1547 1054 1605 et
1077 1539 1199 1604 comite
1222 1539 1479 1620 Northumbriae,
1505 1551 1538 1606 et
1561 1541 1632 1625 ejus

280 1662 348 1727 filio
373 1657 561 1746 Henrico¹.]

369 1792 402 1847 2⁸
425 1804 474 1848 ca.
520 1782 616 1860 Item,
646 1780 773 1864 optavit
805 1779 1069 1863 archiepiscopus
1103 1779 1229 1862 Scrope
1262 1781 1352 1864 quod
1386 1801 1508 1845 corona
1540 1783 1630 1865 regni

279 1902 414 1986 Angliae
437 1905 588 1967 restituta
610 1923 679 1966 suae
703 1902 799 1964 lineae
821 1901 874 1964 vel
900 1901 1016 1980 cursui,
1040 1901 1175 1966 ecclesia
1199 1901 1387 1984 Anglicana
1409 1901 1533 1968 habeat
1554 1924 1631 1985 pos·

278 2024 442 2087 sessiones
477 2044 561 2102 suas,
591 2021 770 2098 libertates,
802 2021 1064 2099 consuetudines,
1096 2032 1130 2085 et
1159 2022 1337 2121 privilegia,
1367 2043 1442 2105 quae
1477 2025 1521 2088 ad
1555 2045 1630 2089 eam

274 2143 365 2226 juste
391 2142 565 2226 pertinent,
592 2143 772 2206 secundum
800 2141 890 2224 leges
914 2141 1020 2222 justas
1046 2151 1080 2206 et
1107 2141 1234 2204 nobiles
1261 2143 1352 2225 regni
1378 2142 1513 2226 Angliae
1540 2144 1629 2228 prius

278 2265 425 2343 usitatas,
448 2284 523 2346 quae
545 2263 682 2327 ecclesia
704 2261 892 2344 Anglicana
911 2260 982 2342 jam
1004 2262 1207 2349 gubernatur
1229 2264 1329 2327 modo
1352 2264 1525 2330 contrario,

274 2445 276 2449 ,
364 2392 408 2467 3⁸.
454 2383 550 2465 Item,
583 2384 672 2466 quod
703 2381 828 2445 domini
860 2381 950 2464 regni
977 2382 1165 2464 judicentur
1194 2383 1376 2446 secundum
1401 2383 1564 2466 judicium
1594 2395 1629 2451 et

277 2503 552 2568 deliberacionem
582 2503 720 2566 aliorum
748 2502 954 2565 dominorum
986 2501 1050 2564 illis
1079 2501 1266 2585 aequalium,
1296 2513 1331 2569 et
1360 2524 1425 2566 non
1455 2525 1496 2568 eo
1526 2507 1628 2571 modo

278 2646 343 2708 quo
372 2624 442 2707 jam
477 2624 675 2705 judicantur,
705 2633 738 2687 et
770 2621 916 2700 exulant,
947 2633 979 2686 et
1014 2623 1215 2697 occiduntur,
1250 2645 1289 2686 eo
1322 2625 1410 2705 quod
1442 2634 1534 2689 stant
1567 2647 1628 2709 pro

276 2746 413 2807 veritate
435 2764 565 2808 coronae
587 2752 622 2806 et
645 2742 787 2806 utilitate
809 2742 909 2824 regni,
934 2752 967 2806 et
990 2743 1068 2824 quia
1090 2745 1246 2807 resistunt
1268 2744 1394 2826 injuriae
1417 2745 1519 2827 regni.

363 2872 406 2942 4⁸.
439 2864 534 2943 Item,
550 2864 640 2945 quod
663 2862 777 2938 clerus,
798 2862 957 2944 generosi,
975 2873 1182 2942 mercatores,
1198 2875 1232 2928 et
1255 2884 1447 2929 communes
1471 2887 1537 2929 non
1560 2867 1627 2931 sint

276 2985 425 3067 oppressi
447 3005 507 3066 per
530 2983 734 3059 exaccioneS,
752 2993 860 3061 taan,
884 2993 917 3046 et
939 2983 1094 3060 subsidia,
1118 3004 1178 3047 nec
1205 3005 1263 3066 per
1286 2985 1368 3048 alias
1395 2986 1626 3067 imposiciones

277 3126 318 3168 eo
336 3107 436 3168 modo
457 3126 524 3186 quo
538 3104 609 3185 jam
628 3104 864 3187 opprimuntur,
879 3104 957 3186 quia
971 3105 1120 3186 quolibet
1138 3126 1225 3169 anno
1244 3116 1320 3188 post
1338 3127 1434 3170 suum
1453 3107 1624 3171 introitum

276 3226 310 3288 in
326 3225 486 3308 Angliam
504 3224 620 3289 habuit
642 3244 703 3288 rex
720 3225 885 3288 Henricus
901 3225 985 3306 iiij‘us
1008 3236 1124 3289 taxam
1144 3236 1177 3290 et
1197 3226 1370 3303 decimam,
1388 3237 1421 3292 et
1443 3226 1625 3309 aliquando

275 3346 385 3428 plures
406 3348 439 3409 in
462 3366 527 3408 uno
547 3366 644 3422 anno,
660 3345 737 3409 licet
760 3346 792 3407 in
815 3346 921 3427 primo
944 3345 1077 3411 introitu
1106 3368 1165 3410 suo
1189 3348 1220 3410 in
1245 3347 1405 3430 Angliam
1428 3357 1504 3430 post
1526 3370 1622 3413 suum

275 3468 410 3531 exilium
431 3467 552 3549 juravit
580 3467 669 3529 idem
696 3487 756 3529 rex
781 3466 954 3546 Henricus,
977 3476 1056 3531 tunc
1081 3479 1219 3533 vocatus
1245 3489 1357 3533 comes
1383 3469 1509 3553 Darby,
1532 3472 1623 3552 quod

274 3589 307 3651 in
330 3599 480 3670 tempore
502 3589 580 3652 vitae
602 3609 679 3666 snae,
702 3587 735 3650 in
759 3598 920 3670 quantum
945 3589 1015 3671 ipse
1038 3590 1198 3672 impedire
1221 3601 1341 3673 posset,
1366 3611 1535 3673 nunquam
1557 3591 1622 3656 sol·

273 3719 364 3774 veret
383 3709 520 3773 ecclesia
534 3708 722 3791 Anglicana
745 3711 908 3774 decimam
932 3731 991 3774 nec
1014 3712 1156 3793 populus
1176 3723 1313 3792 taxam3
1337 3721 1371 3776 et
1387 3704 1482 3778 ¹istud
1502 3713 1623 3797 juravit

274 3831 306 3891 in
328 3829 464 3893 castello
486 3829 529 3892 de
552 3830 755 3912 Knarburgh
774 3829 874 3910 juxta
897 3830 1055 3894 Eborum.

359 3961 402 4032 5⁸.
458 3951 553 4028 Item,
588 3952 678 4034 quod
714 3970 843 4028 corona,
873 3951 973 4033 justae
1010 3952 1086 4016 linae
1123 3955 1283 4030 restituta,
1322 3957 1488 4038 sapientes
1524 3956 1622 4039 hujus

275 4073 374 4155 regni,
406 4074 462 4156 qui
496 4082 699 4157 cognoscunt
733 4073 875 4136 honores
908 4082 941 4136 et
976 4075 1186 4156 sapienciam,
1215 4076 1423 4160 assignentur
1459 4079 1526 4160 regi
1560 4098 1622 4161 pto

371 4208 379 4237 ¹
393 4208 455 4258 This
467 4225 570 4273 passage
581 4210 601 4259 is
613 4210 710 4260 written
723 4224 754 4259 on
766 4226 781 4259 a
793 4217 848 4273 part
861 4210 890 4259 of
898 4210 939 4260 the
951 4211 1065 4275 opposite
1077 4227 1141 4275 page
1153 4211 1177 4261 in
1190 4211 1352 4277 Gascoigne’s
1363 4213 1437 4265 latest
1447 4213 1523 4266 hund.
