3818 4904
275 411 296 473 6
647 418 747 473 LOCI
772 418 802 470 E
830 418 954 471 LIBRO
989 418 1245 472 VERITATUM.

277 634 493 699 Grawntham
519 641 638 696 vocata
663 631 806 714 Anglice
833 631 942 708 Hoeh,
968 641 1002 695 et
1028 631 1073 693 ibi
1103 634 1224 695 mansit
1253 642 1347 715 pater
1373 632 1451 714 ejuS,
1479 633 1535 715 qui
1566 632 1628 695 suit

277 754 393 818 Gallus
416 775 474 817 seu
497 754 643 816 Francus
665 752 811 824 nacione,
827 761 925 815 natus
947 752 980 814 in
1004 749 1122 829 Gallia,
1144 752 1200 833 qui
1224 753 1340 816 Petms
1362 753 1542 817 associatus
1565 752 1628 816 fuit

277 874 367 938 malo
389 874 535 937 heretico
558 873 728 954 Procopio,
751 871 784 934 in
808 872 914 953 Praga
936 871 1108 953 principali
1131 871 1286 936 heretico,

364 1004 401 1070 [p.
417 1002 471 1066 61.]
504 992 678 1055 Abbathia
705 992 747 1054 de
772 991 851 1072 Byri
876 991 909 1053 in
935 999 1086 1074 tempore
1112 991 1270 1055 Willelmi
1297 992 1468 1056 Cratfeld¹
1495 994 1627 1056 abbatis

275 1115 421 1198 optinuit
449 1137 470 1178 a
501 1114 592 1195 Papa
617 1113 772 1176 Romano
801 1110 972 1174 licenciam
1002 1111 1144 1194 eligendi
1175 1113 1333 1176 abbatem
1362 1116 1627 1195 quandocunque

276 1236 380 1299 abbas
410 1242 590 1298 moreretur
615 1233 686 1296 sine
713 1251 842 1295 recursu
872 1232 916 1294 ad
946 1251 1091 1313 papam3
1122 1241 1222 1296 antea
1251 1235 1339 1296 enim
1370 1254 1436 1297 non
1466 1234 1628 1315 eligerunt

276 1356 434 1419 abbatem
464 1354 526 1416 nisi
556 1354 646 1434 prius
675 1352 835 1415 haberent
862 1350 1038 1433 specialem
1064 1351 1234 1416 licenciam
1260 1375 1280 1416 a
1306 1374 1394 1435 papa
1419 1353 1571 1436 eligendi,
1593 1362 1628 1417 et

277 1475 339 1538 nisi
369 1477 473 1539 eciam
503 1474 642 1556 quilibet
673 1472 796 1535 electus
825 1471 1075 1535 confirmaretur
1102 1472 1230 1550 Romae,
1254 1482 1290 1537 et
1314 1495 1375 1556 pro
1401 1475 1465 1537 ista
1491 1474 1627 1538 licencia

277 1595 421 1677 eligendi
454 1595 610 1658 abbatem
643 1592 714 1656 sine
750 1611 880 1655 recursu
915 1592 959 1654 ad
994 1591 1139 1655 Romam
1170 1593 1224 1657 vel
1257 1595 1301 1657 ad
1334 1616 1465 1678 papam,
1494 1594 1627 1658 solvunt

276 1716 425 1801 praedicti
452 1712 605 1778 monachi
635 1712 678 1774 de
705 1713 784 1794 Byri
809 1711 982 1774 annuatim
1006 1733 1058 1774 xx
1082 1713 1191 1791 libras,
1214 1724 1248 1778 et
1272 1715 1377 1778 eciam
1402 1714 1534 1780 solvunt
1558 1715 1627 1796 regi

275 1837 450 1900 annuatim
477 1856 528 1896 xx
556 1831 705 1896 marchas
729 1853 789 1914 pro
813 1831 950 1896 licencia
974 1832 1136 1896 retinendi
1159 1853 1220 1896 sua
1246 1835 1442 1918 temporalia
1467 1836 1501 1899 in
1526 1856 1626 1899 manu

277 1956 467 2020 monasterii
494 1964 570 2037 post
595 1962 735 2015 mortem
762 1950 920 2034 cujusque
945 1953 1084 2030 abbatis,
1109 1962 1144 2016 et
1165 1955 1210 2017 ad
1239 1955 1415 2020 solvendas
1440 1957 1520 2019 istas
1544 1977 1627 2038 pen-

276 2078 385 2140 siones
414 2074 706 2157 appropriaverunt
741 2072 940 2134 monasterio
971 2093 1033 2134 suo
1062 2073 1146 2135 duas
1174 2074 1329 2138 eeclesias
1357 2075 1563 2158 parochiales
1592 2085 1627 2138 et

276 2198 401 2261 habent
422 2195 599 2278 sexaginta
619 2214 682 2256 sex
705 2192 859 2256 eeclesias
881 2193 929 2255 eis
952 2193 1162 2273 pertinentes.

364 2328 404 2394 [p.
420 2325 474 2389 or]
507 2317 625 2398 Nuper
649 2333 733 2376 unus
758 2332 870 2376 comes
896 2312 1063 2377 destruxit
1088 2334 1188 2378 unam
1211 2334 1368 2397 magnam
1395 2316 1568 2381 ecclesiam
1593 2326 1628 2380 et

276 2439 466 2524 parochiam
487 2438 521 2500 in
540 2436 605 2500 hoc
622 2436 712 2516 quod
732 2434 955 2517 appropriavit
975 2434 1063 2497 bona
1083 2434 1198 2499 debita
1218 2436 1352 2499 Rectori
1373 2437 1459 2499 illius
1481 2437 1627 2502 ecclesiae

277 2562 332 2624 uni
354 2558 538 2623 Abbathiae
565 2578 605 2620 ea
632 2556 837 2632 intencione3
867 2563 905 2617 ut
931 2553 1080 2636 quolibet
1104 2575 1192 2617 anno
1217 2555 1385 2620 celebrent
1410 2558 1569 2640 exequias
1591 2567 1628 2621 et

278 2683 414 2745 missam
435 2699 496 2762 pro
518 2678 628 2740 anima
651 2675 740 2757 ejus3
770 2686 804 2739 et
827 2674 888 2757 ipsi
911 2674 1032 2737 divites
1054 2674 1195 2757 religiosi
1219 2676 1362 2740 multum
1385 2677 1490 2741 dotati
1514 2678 1627 2741 comiti

276 2801 486 2876 benedicunt,
519 2809 554 2861 et
588 2796 777 2880 parochiani
807 2795 893 2858 illius
922 2794 1067 2858 ecclesiae
1099 2796 1321 2878 appropriatae
1355 2807 1390 2861 et
1418 2798 1540 2861 animae
1568 2820 1628 2882 per

276 2922 442 2987 desectum
466 2919 544 2982 boni
567 2919 669 2982 curati
691 2927 868 3000 pereuntes
887 2916 917 2979 ei
936 2915 1146 2992 maledicunt,
1163 2926 1197 2980 et
1214 2917 1323 2980 viduae
1346 2917 1427 2983 flent
1449 2928 1483 2982 et
1504 2919 1628 2999 dolent,

277 3053 311 3108 et
336 3042 479 3106 lacrimae
505 3060 617 3103 coram
646 3040 721 3102 Deo
746 3058 882 3120 poenam
907 3036 1020 3101 comiti
1046 3046 1222 3116 merentur,
1248 3038 1326 3120 quia
1351 3039 1436 3102 sicut
1465 3040 1496 3103 ei
1523 3039 1627 3104 male·

277 3165 402 3241 dicunt,
431 3164 478 3226 sic
506 3159 633 3224 habent
660 3160 784 3241 justam
817 3178 951 3221 causam
981 3178 1040 3239 per
1069 3178 1170 3238 quam
1204 3157 1292 3220 idem
1328 3180 1440 3223 comes
1475 3160 1627 3225 maledici

275 3307 298 3350 a
332 3285 410 3348 Deo
444 3282 572 3354 memit,
605 3301 647 3343 eo
681 3281 771 3362 quod
807 3299 866 3362 per
899 3289 1011 3343 actum
1043 3298 1140 3341 suum
1175 3289 1210 3344 et
1244 3299 1304 3361 per
1334 3279 1425 3343 illam
1457 3282 1628 3364 appropri-

276 3407 427 3472 acionem
463 3405 559 3467 deest
598 3401 645 3464 eis
682 3402 790 3464 bonus
824 3408 939 3482 pastor
970 3408 1005 3462 et
1042 3408 1149 3462 rector
1184 3409 1219 3464 et
1254 3398 1414 3464 honestus
1450 3402 1556 3465 victus
1592 3411 1629 3466 et

275 3524 485 3610 hospitalitas
510 3524 544 3586 in
570 3521 724 3605 parochia
751 3529 784 3584 et
810 3520 900 3583 verbi
926 3520 990 3582 Dei
1019 3520 1224 3602 praedicaeio‚
1248 3529 1283 3583 et
1308 3541 1428 3584 sanum
1454 3532 1489 3587 et
1515 3543 1628 3586 neces·

275 3649 398 3714 sarium
432 3643 604 3709 consilium
635 3663 696 3725 pro
731 3641 838 3704 salute
872 3641 1065 3716 animarum,
1098 3651 1132 3704 et
1163 3641 1211 3705 sic
1245 3662 1305 3724 per
1335 3642 1442 3725 ipsum
1474 3653 1548 3706 orta
1577 3653 1629 3708 est

275 3770 348 3834 baec
370 3767 478 3851 gravis
499 3743 683 3845 tempestas
704 3762 846 3844 plurium
869 3761 1033 3824 malorum
1055 3762 1088 3824 in
1112 3760 1169 3825 illa
1190 3761 1356 3844 parochia.

363 3898 403 3965 [p.
418 3893 472 3962 ⁶5·]
512 3892 658 3948 Abusus
700 3882 750 3947 Ut
772 3882 918 3945 ostendit
941 3882 1057 3945 doctor
1078 3880 1264 3945 Willelmus
1285 3881 1463 3947 Wudforth
1486 3884 1520 3946 in
1543 3883 1628 3948 libro

274 4020 391 4077 contra
416 4006 609 4088 Trialogum
635 4003 798 4086 Wycliffe‚
827 4004 877 4066 i.e.
906 4013 1020 4066 contra
1055 4000 1092 4063 18
1119 4002 1346 4067 conclusiones
1371 4004 1538 4086 Wyclylle
1567 4027 1628 4068 ex·

276 4141 399 4198 tractas
420 4150 441 4193 a
462 4127 620 4210 Trialogo
643 4126 787 4191 Oxoniae
811 4135 844 4188 et
867 4123 1051 4187 Londoniae
1074 4124 1283 4206 dampnatas.

861 4261 868 4289 ¹
889 4274 1041 4324 1390-1414.
