3818 4904
254 452 256 457 .
281 416 345 465 220
655 405 755 462 LOCI
779 406 809 458 E
836 404 961 460 LIBRO
997 405 1256 461 VERITATUM.

281 629 353 684 rent
380 642 500 685 uxores
527 622 569 685 de
596 621 682 683 tribu
710 629 744 683 et
770 621 813 683 de
839 620 977 683 nacione
1008 639 1078 694 sua,
1105 629 1142 682 ut
1168 619 1345 684 haereditas
1375 625 1569 702 permaneat
1599 616 1632 679 in

279 741 420 820 familiis,
441 763 482 805 ne
504 742 566 805 sibi
588 743 786 805 misceantur
806 740 918 816 tribus,
939 741 998 803 sed
1019 741 1066 804 ita
1088 749 1255 815 maneant,
1276 750 1313 804 ut
1332 761 1353 803 a
1374 739 1449 802 Deo
1469 745 1633 820 separata:

280 862 355 940 sint,
371 885 415 927 ex
438 883 504 944 quo
525 871 617 944 patet
635 861 724 943 quod
746 860 826 924 utile
847 870 941 937 esset,
958 870 991 924 et
1012 859 1226 943 plurimorum
1250 861 1414 924 malorum
1437 858 1632 935 destruccio‚

280 993 411 1048 tantum
428 1004 522 1065 reges
537 992 571 1046 et
587 1002 724 1065 magnos
742 982 894 1045 dominos
916 991 1061 1045 terrenos
1080 983 1200 1045 ducere
1216 1003 1337 1045 uxores
1356 1002 1432 1044 suas
1448 982 1491 1044 de
1513 981 1632 1044 eodem

278 1125 391 1188 regn0‚
409 1113 445 1167 ut
467 1103 644 1167 haereditas
667 1112 799 1166 maneat
821 1101 1010 1165 hominibus
1034 1101 1182 1183 ejusdem
1207 1102 1306 1184 regni,
1326 1123 1367 1166 ne
1391 1122 1492 1185 regna
1515 1101 1632 1164 misce-

279 1234 384 1298 antur,
411 1223 471 1286 sed
498 1223 545 1286 ita
572 1231 729 1285 maneant
755 1230 792 1284 ut
817 1241 837 1283 a
865 1221 1011 1284 Domino
1038 1231 1192 1304 separata
1221 1231 1307 1299 sunt,
1338 1240 1382 1285 sc.
1413 1242 1473 1304 per
1502 1221 1632 1285 diversa

281 1345 392 1422 maria,
418 1351 452 1406 et
475 1342 653 1425 aliquando
680 1362 739 1422 per
763 1343 902 1420 deserta,
929 1351 962 1404 et
987 1362 1046 1424 per
1073 1350 1223 1416 montes3
1255 1351 1291 1405 ut
1320 1342 1450 1405 diversa
1481 1361 1582 1423 regna
1612 1362 1633 1403 a

279 1463 416 1528 diversis
448 1473 482 1527 et
515 1483 536 1525 a
568 1462 708 1543 propriis
740 1461 854 1525 incolis
887 1462 1155 1544 gubernarentur,
1189 1481 1231 1525 ne
1263 1462 1405 1525 ambicio
1438 1460 1632 1526 dominandi

279 1586 426 1667 dampna
456 1582 573 1646 inserat
603 1582 758 1664 utrisque,
783 1581 837 1644 ubi
868 1602 927 1645 rex
958 1580 1081 1645 divisus
1112 1592 1163 1646 est
1193 1582 1226 1644 in
1256 1582 1351 1665 plura
1378 1591 1412 1646 et
1441 1581 1474 1644 in
1506 1581 1632 1664 majora

278 1706 362 1770 sorte
384 1725 485 1787 quam
509 1724 622 1786 regere
644 1703 758 1786 possit.

365 1835 402 1901 [p.
421 1832 491 1898 607]
528 1833 613 1887 Rex.
651 1823 745 1888 Ante
769 1823 950 1886 Henricum
975 1822 1119 1886 Sextum
1143 1844 1312 1905 nunquam
1334 1823 1396 1888 luit
1419 1845 1478 1887 rex
1502 1825 1535 1887 in
1558 1824 1631 1887 An-

277 1947 346 2030 glia
367 1946 423 2028 qui
447 1946 580 2010 retinuit
603 1965 715 2008 secum
740 1944 886 2027 aliquem
914 1945 1105 2027 episcopum
1132 1945 1165 2008 in
1192 1945 1282 2009 curia
1310 1966 1370 2008 sua
1401 1946 1463 2009 nisi
1490 1967 1548 2028 per
1573 1966 1631 2008 an-

279 2088 358 2131 num
376 2066 428 2130 vel
450 2086 508 2148 per
527 2067 625 2142 diem,
641 2086 701 2129 nec
724 2065 842 2147 aliquis
863 2086 923 2129 rex
943 2075 1021 2129 ante
1042 2087 1118 2130 eum
1136 2065 1254 2131 habuit
1272 2067 1465 2149 episcopum
1485 2067 1631 2149 aliquem

278 2189 310 2251 in
334 2208 429 2250 suum
453 2185 683 2263 confessorem,
707 2186 765 2249 sed
790 2206 891 2249 unum
916 2186 1040 2249 bonum
1065 2188 1235 2250 doctorem
1261 2187 1294 2250 in
1317 2186 1521 2269 Theologia3
1546 2187 1630 2251 etsi

277 2331 336 2373 rex
363 2308 482 2390 aliquis
504 2329 602 2371 causa
629 2308 691 2371 suit
717 2307 806 2389 quod
834 2307 1000 2370 consessor
1026 2329 1103 2370 suus
1131 2308 1192 2372 suit
1218 2309 1343 2373 electus
1369 2310 1403 2372 in
1428 2311 1631 2392 episcopum,

278 2452 359 2494 mox
380 2429 504 2494 remisit
527 2440 560 2493 et
582 2428 765 2494 licenciavit
789 2448 864 2492 eum
888 2429 934 2491 ire
956 2429 989 2491 in
1008 2449 1101 2493 suam
1125 2450 1247 2505 curam,
1264 2441 1298 2495 et
1321 2450 1490 2513 nunquam
1513 2441 1632 2513 postea

276 2550 448 2632 occupavit
478 2550 621 2613 officium
649 2550 843 2613 confessoris
867 2549 967 2631 regii3
998 2559 1032 2612 et
1054 2558 1132 2613 tunc
1155 2551 1308 2614 doctores
1337 2551 1469 2614 suerunt
1499 2571 1630 2632 magnae

276 2673 425 2736 scienciae
463 2681 495 2734 et
532 2671 675 2745 honoris,
707 2680 739 2733 et
777 2670 874 2752 positi
913 2670 945 2732 in
985 2671 1185 2734 sessionibus
1223 2682 1256 2735 et
1293 2672 1495 2735 stacionibus
1532 2692 1632 2755 supra

278 2792 399 2855 milites
424 2801 457 2855 et
483 2811 582 2872 supra
606 2792 750 2854 decanos
777 2800 810 2853 et
832 2789 1100 2868 archidiaconos;
1131 2801 1164 2854 et
1188 2812 1281 2873 reges
1306 2793 1421 2856 dicunt
1444 2791 1515 2874 jam
1539 2793 1629 2874 quod

275 2921 414 2996 possunt
450 2911 573 2975 habere
610 2932 693 2994 quos
723 2911 839 2975 volunt
869 2933 889 2974 a
919 2913 1004 2975 curis
1041 2933 1163 2990 eorum,
1195 2922 1229 2976 et
1257 2913 1300 2977 ab
1334 2913 1500 2991 ecclesiis3
1538 2923 1572 2978 et
1602 2914 1629 2977 si

275 3042 432 3097 maneant
464 3053 538 3096 cum
571 3033 701 3114 regibus
731 3042 765 3096 et
794 3032 937 3096 dominis
966 3033 999 3094 in
1030 3054 1144 3097 eorum
1174 3034 1280 3112 curiis,
1308 3035 1422 3098 dicunt
1451 3035 1541 3115 quod
1571 3055 1630 3097 ex-

275 3164 467 3219 cusarentur
500 3155 542 3218 de
580 3174 645 3216 non
681 3154 862 3218 residencia
892 3156 925 3217 in
956 3155 1023 3218 suis
1058 3156 1143 3219 curis
1180 3177 1239 3237 per
1271 3155 1423 3239 papalem
1457 3155 1629 3219 licenciam

276 3276 407 3360 regibus
435 3285 468 3338 et
492 3276 635 3339 dominis
662 3295 862 3339 concessam.
917 3276 1013 3351 Item,
1036 3276 1106 3358 jam
1131 3278 1276 3360 episcopi
1301 3277 1416 3341 dicunt
1439 3277 1530 3357 quod
1557 3277 1630 3358 qui-

275 3417 405 3479 cunque
431 3407 573 3460 rectores
599 3396 652 3459 vel
681 3396 792 3459 vicarii
818 3418 887 3459 suae
914 3397 1053 3460 diocesis
1084 3407 1276 3463 remaneant
1305 3399 1338 3460 in
1365 3396 1453 3461 curia
1483 3396 1629 3479 episcopi

273 3518 326 3582 vel
350 3517 384 3580 in
407 3516 515 3579 officio
539 3517 694 3599 episcopi,
720 3526 893 3580 censentur
915 3539 959 3580 ex
979 3518 1053 3600 jure
1077 3518 1223 3582 ecclesiae
1251 3518 1392 3602 residere
1415 3517 1555 3601 propriis
1577 3538 1631 3582 ec-

275 3639 382 3703 clesiis
412 3647 446 3701 et
476 3638 508 3699 in
535 3637 676 3719 propriis
706 3637 801 3699 curis.
857 3635 939 3700 Vae!
973 3639 1042 3702 vae!
1077 3641 1146 3703 vae!
1180 3639 1244 3704 illis
1273 3639 1330 3721 qui
1360 3639 1509 3703 condunt
1538 3638 1631 3720 leges

274 3762 412 3844 iniquas,
437 3769 471 3825 et
494 3762 549 3842 qui
573 3760 687 3824 dicunt
712 3759 836 3823 malum
858 3780 929 3824 esse
952 3761 1095 3825 bonum!

360 3892 397 3958 [p.
414 3890 485 3959 609]
518 3889 682 3956 Regnum.
707 3881 861 3964 Regnum
881 3880 1026 3965 Angliae,
1043 3883 1076 3944 in
1092 3892 1242 3965 tempore
1264 3880 1401 3945 Henrici
1417 3879 1524 3979 Sexti,
1544 3879 1632 3943 mul·

274 4002 439 4086 tiplicibus
454 4002 599 4085 peccatis
622 4000 683 4065 fuit
701 4003 852 4081 divisum,
867 4012 939 4066 tum
959 4013 1095 4085 propter
1112 4011 1248 4086 peccata
1267 4002 1414 4084 capitum
1431 4009 1465 4065 et
1480 4001 1632 4066 subdito·

275 4143 356 4202 rum,
371 4131 443 4186 tum
461 4133 595 4205 propter
615 4122 854 4187 alienacionem
875 4124 1107 4206 temporalium
1126 4126 1289 4187 bonorum
1305 4131 1339 4185 et
1357 4121 1458 4185 annui
1481 4122 1632 4186 redditus

274 4247 342 4328 regi
366 4244 501 4328 Angliae
527 4255 561 4309 et
585 4266 715 4309 coronae
739 4244 809 4329 ejus
834 4245 1093 4328 pertinencium3
1121 4255 1155 4310 et
1180 4246 1315 4327 quando
1339 4244 1539 4327 Margareta,
1563 4243 1631 4307 filia
