3818 4904
311 416 372 502 138
687 422 786 479 LOCI
810 423 840 476 E
868 423 992 478 LIBRO
1027 422 1285 477 VERITATUM.

309 639 343 702 in
369 660 436 721 qua
462 639 608 703 maxime
631 638 901 716 delectabantur3
931 639 1015 703 sicut
1041 637 1292 721 putrifacciones
1315 645 1348 700 et
1374 633 1598 715 corruptiones
1625 633 1659 696 in

310 760 467 825 membris
496 759 638 838 secretis
661 767 695 823 et
725 759 1011 841 consumptionem
1039 760 1191 842 corporis,
1216 769 1249 823 et
1275 779 1365 840 saepe
1394 754 1588 820 occiduntur
1616 754 1660 818 ab

308 879 373 943 illis
393 901 470 945 cum
492 881 612 963 quibus
637 889 862 963 peccaverunt,
877 889 914 944 ut
937 881 1075 962 cognovi
1098 879 1323 961 injuventute
1345 898 1419 941 mea
1440 896 1540 939 unam
1563 874 1661 938 muli-

309 1020 398 1066 erem
428 1021 621 1083 suspensam
648 1000 754 1079 luisse,
780 999 859 1082 quia
889 999 922 1063 in
949 1009 1046 1064 nocte
1075 1000 1109 1063 in
1132 1000 1219 1064 lecto
1245 1000 1365 1064 occidit
1390 995 1659 1063 concubinarium

309 1140 414 1199 suum,
431 1132 465 1186 et
485 1122 573 1185 bona
594 1141 654 1184 sua
677 1121 795 1184 furtive
814 1121 950 1202 accepit.
995 1121 1145 1184 Luxuria
1168 1120 1285 1202 polluit
1306 1139 1434 1201 corpus,
1454 1119 1661 1200 depauperat

308 1261 397 1323 opeS,
412 1250 544 1324 separat
563 1241 709 1304 animam
727 1261 747 1303 a
763 1241 848 1315 Deo,
864 1240 942 1304 iacit
961 1241 1132 1305 hominem
1148 1241 1293 1306 debilem
1315 1241 1347 1303 in
1362 1239 1485 1302 viribus
1504 1236 1658 1320 corporis,

309 1360 387 1426 iacit
414 1362 518 1426 eciam
544 1361 713 1425 hominem
739 1360 883 1424 debilem
914 1362 947 1423 in
978 1361 1089 1440 oculis,
1116 1371 1150 1426 et
1180 1362 1324 1426 debilem
1350 1360 1383 1422 in
1410 1359 1489 1437 visu,
1515 1366 1550 1423 et
1579 1357 1659 1422 iacit

307 1481 477 1547 hominem
499 1482 654 1547 acerbum
679 1503 751 1546 esse
775 1491 808 1545 et
833 1494 968 1547 raucum
991 1481 1025 1545 in
1047 1503 1128 1547 voce
1141 1508 1150 1561 ;
1181 1484 1269 1547 unde
1294 1483 1358 1546 ista
1384 1502 1445 1544 sex
1469 1479 1556 1544 mala
1582 1500 1658 1562 quae

308 1614 490 1686 sequuntur
511 1604 678 1668 luxuriam
701 1603 909 1668 continentur
934 1604 968 1666 in
990 1604 1181 1668 versibus-

550 1740 651 1789 ‘Luxus
668 1754 766 1804 corpus.
783 1754 851 1803 opes,
870 1739 973 1800 animas,
991 1739 1050 1796 vim,
1066 1739 1168 1800 lumina,
1186 1755 1268 1800 voces,

568 1839 670 1895 Polluit,
686 1837 818 1895 adnihilat,
834 1845 914 1899 necat,
932 1836 1012 1902 eripit,
1031 1839 1104 1887 orbat
1122 1839 1177 1901 (ie.
1194 1837 1295 1903 privat),
1312 1837 1428 1887 acerbat!

395 1966 434 2033 [p.
456 1965 510 2033 54]
544 1950 696 2019 Plurimis
716 1955 778 2020 hoc
799 1955 917 2031 evidet‚
934 1967 967 2021 et
985 1974 1073 2020 anno
1089 1956 1224 2019 Domini
1244 1966 1334 2035 1450,
1354 1955 1488 2037 quando
1507 1953 1658 2019 homines

307 2077 350 2141 de
378 2076 592 2159 Hungeriord
619 2086 653 2141 et
675 2070 816 2159 Nubery
838 2075 969 2159 publice
998 2076 1142 2141 latrones
1171 2075 1311 2155 fuerunt,
1337 2096 1421 2138 unus
1444 2095 1558 2138 eorum
1581 2094 1657 2140 cum

307 2197 441 2262 cultello
459 2218 519 2262 suo
538 2197 635 2263 scidit
656 2198 804 2262 membra
824 2207 949 2262 secreta
971 2207 1004 2263 et
1019 2208 1167 2261 ventrem
1184 2197 1280 2260 unius
1298 2195 1418 2279 puellae
1433 2195 1468 2278 xj
1485 2217 1656 2273 annorum,

306 2340 347 2383 eo
372 2319 463 2401 quod
490 2318 561 2402 ipse
588 2319 686 2381 miser
711 2319 932 2383 concumbens
960 2335 1035 2383 cum
1062 2339 1101 2382 ea
1130 2339 1196 2381 non
1223 2317 1332 2401 potuit
1358 2336 1556 2400 cognoscere
1582 2334 1657 2382 eam

305 2439 485 2504 carnaliter.

392 2569 433 2637 [p.
449 2568 505 2635 64.]
529 2553 616 2623 lllud
637 2559 792 2643 scriptum
808 2555 937 2644 (contra
957 2557 1146 2644 luxuriam),
1162 2581 1206 2623 ex
1226 2579 1325 2623 manu
1346 2579 1406 2622 sua
1425 2558 1567 2642 propria,
1583 2581 1657 2643 ego,

305 2672 454 2744 Thomas
478 2679 673 2763 Gascoigne‚
696 2681 763 2743 vidi
785 2680 938 2756 Oxoniae,
958 2701 1046 2745 anno
1069 2680 1129 2742 X2⁰
1149 2692 1238 2762 1455,
1262 2690 1296 2744 et
1319 2690 1369 2744 est
1392 2679 1478 2744 inter
1501 2681 1655 2756 Minores,

305 2802 339 2865 in
361 2796 446 2865 libro
469 2794 652 2883 registrato,
676 2801 758 2864 Em.
776 2801 927 2865 Lincoln.
945 2803 971 2865 I.
1018 2802 1064 2865 Et
1088 2803 1241 2865 dominus
1264 2802 1504 2866 Lincolniensis
1527 2802 1657 2884 scripsit

304 2916 385 2986 illud
409 2923 566 3004 scriptum
588 2931 703 2986 contra
726 2922 891 2985 luxuriam
912 2943 1012 2985 manu
1035 2943 1093 2986 sua
1117 2923 1249 3006 propria
1272 2923 1304 2985 in
1323 2923 1407 2986 libro
1430 2933 1506 3005 post
1529 2923 1656 2987 dictum

303 3043 476 3106 dominum
504 3037 770 3107 Lincolniensem
796 3043 891 3126 xxiij,
920 3052 954 3107 et
978 3053 1091 3108 tamen
1118 3044 1199 3108 illud
1230 3044 1388 3126 scriptum
1418 3044 1544 3107 domini
1576 3045 1657 3107 Lin-

303 3163 477 3229 colniensis
504 3184 580 3227 cum
608 3183 705 3226 manu
733 3184 791 3227 sua
815 3164 945 3246 propria
972 3175 1086 3229 contra
1107 3164 1273 3228 luxuriam
1297 3185 1363 3229 non
1387 3175 1437 3228 est
1461 3165 1494 3228 in
1518 3185 1657 3231 numero

303 3284 466 3350 dictorum
496 3300 639 3363 suorum,
670 3283 728 3347 sed
760 3294 810 3349 est
846 3305 930 3368 opus
968 3306 1027 3367 per
1059 3307 1095 3349 se
1132 3286 1335 3362 distinctum,
1366 3278 1524 3368 scriptum
1556 3308 1655 3352 manu

301 3403 435 3488 propria
461 3402 586 3467 domini
614 3402 854 3467 Lincolniensis
880 3414 994 3469 contra
1020 3405 1208 3485 luxuriam3
1238 3416 1273 3471 et
1299 3406 1380 3471 illud
1410 3406 1568 3489 scriptum
1595 3409 1656 3472 do·

303 3526 383 3589 mini
403 3523 652 3602 Lincolniensis,
674 3524 818 3589 doctoris
840 3524 979 3591 Roberti
996 3525 1176 3603 Grosteste‚
1194 3538 1244 3592 est
1267 3528 1352 3592 inter
1373 3527 1489 3592 fratres
1512 3529 1656 3595 minores

302 3647 457 3723 Oxoniae,
474 3646 507 3710 in
529 3645 593 3711 hoc
614 3645 762 3730 registro,
780 3646 863 3710 Eous,
880 3647 1031 3712 Lincoln.
1051 3645 1079 3723 Ι,
1096 3648 1230 3721 scilicet,
1247 3647 1326 3711 solio
1349 3648 1505 3713 vicesimo
1526 3651 1654 3733 quinto,

301 3780 338 3833 ut
365 3769 432 3834 vidi
459 3789 547 3833 anno
566 3768 626 3833 Xti
646 3781 737 3852 1455,
759 3778 835 3851 post
863 3778 1004 3833 mortem
1027 3768 1180 3834 Nicholai
1203 3790 1308 3852 papae,
1328 3770 1361 3832 in
1386 3769 1478 3853 cujus
1504 3779 1657 3854 tempore

300 3889 363 3955 fuit
395 3911 501 3955 annus
535 3889 688 3973 jubileus,
720 3899 754 3955 et
791 3891 1083 3974 quinquagesimus
1122 3891 1250 3968 Romae,
1282 3891 1416 3972 scilicet,
1449 3912 1556 3957 annus
1592 3882 1655 3957 Xti

304 4021 396 4091 1455,
420 4021 453 4076 et
476 4011 685 4093 indulgencia
708 4011 794 4075 illius
817 4012 894 4075 anni
917 4033 1072 4077 concessa
1094 4014 1304 4078 visitantibus
1327 4023 1400 4078 tum
1424 4014 1570 4078 Romam
1592 4008 1655 4082 fuit

300 4151 455 4196 concessa
478 4133 697 4197 existentibus
720 4133 753 4196 in
780 4133 916 4216 Anglia,
940 4144 977 4199 ut
999 4137 1182 4200 existentes
1205 4135 1238 4198 in
1261 4135 1395 4219 Anglia,
1415 4135 1554 4201 confessi
1577 4156 1654 4201 cum

301 4252 415 4319 debita
444 4254 667 4320 satisfactione
694 4274 806 4321 coram
830 4255 913 4337 Deo,
941 4257 1081 4322 eandem
1111 4255 1353 4341 indulgentiam
1382 4257 1546 4325 haberent
1574 4259 1653 4323 anni
