3818 4904
305 380 367 447 206
686 387 782 442 LOCI
809 388 839 441 E
867 386 992 443 Llnno
1027 388 1285 449 VERITATUM.

305 626 479 681 armorum,
497 603 648 666 Powntes
664 604 804 666 nomine.
850 603 895 668 Et
910 603 982 667 haec
999 604 1121 685 juravit
1142 627 1213 669 esse
1232 627 1309 669 vera
1329 627 1388 688 per
1411 605 1521 670 Deum
1544 616 1576 669 et
1598 626 1657 687 per

304 747 397 789 arma
419 725 503 807 regis
525 724 681 798 Franciae,
703 723 787 788 inter
808 724 920 787 villam
946 726 988 788 de
1011 725 1115 803 Rone,
1139 736 1217 790 tunc
1242 727 1405 808 perditam
1431 728 1474 790 ab
1495 725 1657 810 Anglicis,

306 858 339 911 et
361 846 473 910 villam
496 854 648 908 vocatam
673 843 793 925 Banys‚
815 855 848 908 et
872 845 917 908 sic
941 846 1028 909 idem
1053 867 1112 909 rex
1138 846 1284 910 Franciae
1306 846 1432 910 habuit.
1478 845 1555 910 Cito
1580 857 1657 929 post

304 966 368 1031 hoc
383 967 500 1029 habuit
514 964 713 1027 Vasconiam
730 974 762 1026 et
779 964 891 1045 Kyan,
908 976 1085 1048 postquam
1103 988 1163 1030 rex
1178 966 1323 1050 Angliae,
1340 967 1504 1032 Henricus
1521 967 1657 1045 Sextus,

304 1089 366 1153 luit
388 1097 511 1170 nuptus
530 1086 726 1167 Margareta:
749 1085 824 1148 filiae
847 1088 940 1150 ducis
959 1085 1149 1169 Lotringiae,
1170 1089 1225 1170 qui
1249 1090 1305 1151 diu
1328 1099 1408 1153 ante
1429 1088 1501 1152 illas
1524 1089 1657 1171 nuptias

304 1211 365 1273 luit
388 1210 534 1291 privatus
558 1216 592 1270 et
614 1205 773 1287 expulsus
795 1228 815 1269 a
838 1227 939 1289 regno
958 1206 1090 1270 Ceciliae
1113 1229 1172 1289 per
1195 1209 1320 1272 malum
1343 1230 1454 1292 regem
1474 1208 1656 1292 Aragoniae

303 1329 493 1403 Allonsum,
509 1328 565 1410 qui
588 1327 727 1408 turpiter
747 1327 865 1390 invasit
887 1340 921 1391 et
942 1327 1028 1390 male
1050 1330 1221 1391 ecclesiam
1243 1330 1440 1393 sanctissimi
1462 1329 1554 1393 Pauli
1575 1351 1656 1412 apo-

303 1451 379 1515 stoli
402 1451 529 1527 Romae,
545 1459 578 1512 et
600 1449 678 1512 lecit
702 1468 775 1511 eam
792 1469 862 1512 esse
883 1449 1050 1512 stabulum
1072 1470 1230 1531 equomm
1252 1470 1395 1528 suorum,
1411 1460 1444 1514 et
1465 1450 1551 1515 laesit
1571 1450 1656 1513 mul·

304 1582 374 1637 turn
398 1571 592 1653 columpnas
613 1568 700 1632 illius
720 1569 866 1633 eeclesiae
886 1591 946 1652 pro
964 1570 1041 1634 odio
1064 1590 1163 1651 quem
1181 1567 1252 1654 (sic)
1267 1569 1384 1635 habuit
1404 1581 1483 1636 tunc
1502 1571 1655 1652 Eugenio

302 1693 374 1775 iiijw
400 1713 496 1775 papae
523 1691 685 1766 Roman0,
711 1691 789 1771 quia
813 1710 900 1771 papa
928 1710 994 1753 non
1016 1687 1120 1753 voluit
1147 1692 1226 1754 dare
1250 1691 1311 1754 sibi
1338 1701 1466 1773 partem
1489 1693 1533 1755 de
1554 1693 1655 1775 patri·

302 1815 414 1877 monio
438 1811 584 1877 ecclesiae
615 1813 647 1873 in
673 1809 877 1892 Campania3
905 1821 937 1873 et
962 1810 1020 1873 illo
1051 1819 1210 1892 tempore,
1233 1813 1265 1873 in
1293 1812 1429 1876 ecclesia
1455 1812 1511 1875 illa
1539 1811 1653 1877 Sancti

302 1933 404 2010 Pauli,
432 1954 515 1996 unus
543 1931 722 1995 Catelanus
748 1933 889 1995 cucurrit
916 1931 959 1993 ad
985 1933 1176 2013 ymaginem
1204 1930 1319 1998 Sancti
1343 1929 1435 1996 Pauli
1465 1934 1511 1997 ibi
1542 1934 1575 1996 in
1598 1933 1654 1996 illa

301 2055 447 2128 ecclesia,
474 2063 508 2117 et
534 2053 629 2129 dixit,
654 2051 728 2114 ‘Ad
754 2052 833 2134 quid
857 2062 969 2133 portas
991 2061 1027 2114 tu
1050 2051 1223 2133 gladium?
1254 2073 1317 2134 ego
1339 2052 1415 2116 volo
1438 2053 1561 2118 habere
1583 2055 1654 2136 gla-

301 2177 393 2239 dium
418 2185 511 2238 tuum
525 2171 543 2252 ;‘
568 2184 600 2237 et
628 2173 809 2236 conabatur
835 2172 961 2235 auferre
987 2193 1007 2234 a
1032 2192 1131 2235 manu
1154 2175 1320 2255 ymaginis
1343 2172 1457 2238 Sancti
1484 2174 1586 2253 Pauli,
1608 2185 1651 2250 et,

302 2297 377 2360 Deo
402 2307 480 2360 tunc
510 2304 668 2378 operante
694 2294 726 2356 in
753 2294 918 2375 ymagine,
946 2312 1021 2356 cum
1044 2292 1157 2375 gladio
1181 2293 1237 2356 illo
1260 2295 1421 2376 percussit
1443 2305 1543 2377 caput
1567 2295 1652 2376 ejus·

301 2418 377 2480 dem
412 2418 520 2479 miseri
553 2414 704 2477 Catelani
736 2424 769 2476 et
799 2413 908 2475 divisit
939 2425 1039 2494 caput
1070 2414 1138 2494 ejus
1172 2415 1205 2476 in
1237 2416 1347 2477 medio
1373 2416 1406 2478 in
1430 2416 1513 2478 duas
1543 2425 1652 2498 partes

300 2558 404 2622 usque
427 2539 470 2600 ad
492 2547 642 2599 mentum
663 2535 741 2615 ejus
761 2543 794 2597 et
817 2544 965 2597 mortuus
986 2533 1030 2596 ibi
1049 2533 1130 2611 luit3
1158 2546 1191 2598 et
1214 2535 1270 2617 qui
1296 2534 1367 2599 haec
1391 2536 1482 2599 novit
1502 2546 1537 2600 et
1559 2537 1651 2613 vidit,

300 2660 508 2739 intempore
536 2656 677 2738 Eugenii
704 2654 767 2735 iiijti
800 2674 895 2735 papae
924 2654 1052 2731 Roma,
1079 2653 1150 2717 haec
1178 2654 1277 2719 michi
1308 2656 1403 2734 dixit,
1430 2677 1474 2721 sc.
1500 2657 1652 2721 bedellus

300 2781 401 2860 ipsius
432 2800 537 2861 papae,
567 2778 721 2840 dominus
752 2775 910 2837 Erasmus
941 2774 1060 2848 Fullar‚
1088 2776 1130 2838 de
1160 2796 1262 2857 regno
1288 2777 1446 2858 Ungaria}
1476 2780 1652 2855 sacerdos;

299 2920 358 2982 pro
383 2919 449 2981 quo
475 2897 632 2961 miraculo
656 2897 766 2959 divino
792 2896 887 2958 multi
912 2895 1055 2959 Romani
1079 2897 1240 2961 dederunt
1263 2899 1379 2963 laudes
1403 2899 1477 2962 Deo
1501 2911 1534 2963 et
1558 2920 1651 2963 sanc·

298 3023 426 3085 tissimo
450 3020 560 3096 Paulo
585 3019 649 3081 Dei
671 3016 832 3100 apostolo.

385 3142 487 3205 Anno
518 3140 653 3205 Domini
688 3138 778 3220 1456,
810 3139 941 3202 intravit
976 3139 1128 3220 pessimae
1160 3140 1327 3203 memoriae
1361 3142 1540 3224 imperator
1566 3141 1651 3206 Tur·

298 3285 420 3342 corum,
450 3260 660 3326 Waldewach
695 3261 836 3338 nomine,
867 3261 899 3321 in
936 3280 1072 3342 regnum
1106 3260 1263 3344 Ungaria
1297 3282 1355 3345 per
1392 3283 1483 3327 mare
1523 3274 1557 3329 et
1592 3286 1651 3347 per

298 3387 491 3451 Danubium
521 3402 597 3448 cum
627 3393 760 3447 centum
791 3381 923 3444 milibus
950 3381 1131 3445 Turcorum
1162 3404 1367 3466 paganorum
1399 3394 1432 3448 et
1462 3386 1649 3467 sexaginta,

297 3520 331 3574 et
358 3510 391 3571 in
417 3508 503 3571 sesto
535 3504 667 3569 Sanctae
693 3505 810 3567 Mariae
835 3501 1048 3584 Magdalenae
1078 3505 1297 3587 quadraginta
1329 3507 1418 3570 milia
1448 3506 1648 3571 Xtianorum

297 3634 340 3695 de
359 3631 508 3714 Ungaria
531 3628 720 3692 occiderunt
743 3626 787 3688 ibi
812 3626 844 3688 in
868 3625 1016 3706 Ungaria
1037 3635 1170 3689 centum
1195 3628 1286 3693 milia
1310 3629 1439 3692 illorum
1455 3628 1648 3706 Turcorum,

296 3763 331 3817 et
360 3752 600 3836 quinquaginta
632 3751 721 3813 milia
751 3749 941 3826 eorundem,
969 3746 1081 3829 lugam
1112 3750 1264 3830 capiente
1297 3749 1494 3832 imperatore
1524 3750 1649 3817 Turco-

296 3896 369 3939 rum
403 3895 479 3940 cum
515 3872 714 3937 verecundia
751 3871 784 3933 in
820 3870 961 3951 patriam
991 3889 1109 3947 suam;
1145 3870 1309 3952 occisique
1343 3872 1475 3938 suerunt
1509 3875 1552 3938 de
1584 3874 1649 3939 illis

297 3995 439 4072 Xtianis,
470 3998 503 4058 in
537 3993 594 4056 illo
625 3993 689 4055 Dei
719 3989 807 4054 bello
837 4012 895 4054 seu
924 3991 1072 4066 victoria,
1102 3992 1286 4056 octodecim
1317 3994 1408 4058 milia
1437 3995 1581 4059 virorum
1614 3998 1648 4061 in

296 4139 399 4201 regno
418 4115 585 4198 Ungariae.
631 4112 829 4178 Clamabant
852 4111 968 4175 Xtiani
991 4111 1046 4190 illi,
1070 4133 1129 4194 per
1151 4113 1346 4177 instanciam
1370 4116 1481 4180 devoti
1504 4117 1649 4182 doctoris

297 4241 443 4322 magistri
474 4237 634 4320 Johannis
665 4238 707 4299 de
739 4233 946 4317 Capistrano,
976 4235 1098 4299 ordinis
1130 4233 1243 4299 Sancti
1271 4235 1436 4300 Francisci
1467 4238 1509 4302 de
1537 4238 1648 4303 obser-
