3818 4904
639 410 739 465 LOCI
764 410 793 463 E
821 410 946 464 LIBRO
981 411 1241 468 VERITATUM.
1555 418 1617 487 215

263 623 307 686 ibi
325 623 506 704 abjuravit:
530 634 563 687 et
579 624 742 687 combusti
759 623 889 687 fuerunt
905 633 983 688 tunc
999 636 1078 689 ante
1093 647 1169 689 eum
1185 627 1229 692 ad
1245 647 1376 690 crucem
1393 626 1507 692 Sancti
1524 625 1617 691 Pauli

262 744 414 825 apostoli,
430 744 462 806 in
482 742 538 806 illo
554 744 722 820 cimiterio,
739 744 811 806 libri
828 743 977 824 ejusdem
994 745 1142 827 magistri
1159 747 1335 830 Reginaldi
1352 748 1471 827 Pecolc,
1486 748 1617 811 Wallici

262 864 397 946 origine,
422 873 457 928 et
486 874 565 927 tunc
592 864 736 945 episcopi
765 862 979 941 Cicistrensis,
1008 866 1064 946 qui
1093 875 1192 930 antea
1222 867 1285 932 fuit
1315 869 1489 951 episcopus
1513 868 1618 932 Assa-

261 985 372 1048 vensis
395 985 427 1047 in
448 984 567 1062 Vallia,
590 994 624 1048 et
651 985 820 1066 quondam
845 985 907 1048 fuit
933 985 1040 1049 socius
1064 985 1195 1069 collegii
1220 988 1263 1051 de
1286 987 1393 1053 Oriell
1416 990 1450 1053 in
1473 989 1617 1068 Oxonia,

263 1113 296 1169 et
321 1105 437 1169 doctor
459 1104 521 1168 fuit
545 1103 746 1168 Oxoniensis
765 1105 802 1166 in
825 1104 1018 1187 Theologia,
1034 1115 1068 1169 et
1091 1127 1151 1171 nec
1176 1116 1255 1172 ante
1277 1109 1417 1190 gradum
1441 1109 1534 1172 illum
1557 1129 1617 1173 nec

261 1234 338 1308 post
362 1226 503 1308 gradum
529 1224 623 1287 illum
649 1224 726 1288 lecit
753 1225 898 1307 aliquem
922 1236 1033 1289 actum
1059 1227 1092 1289 in
1116 1227 1214 1291 scolis
1245 1249 1305 1312 pro
1334 1229 1441 1293 forma
1467 1251 1535 1307 sua,
1557 1229 1616 1292 sed

261 1347 384 1428 recepit
411 1345 503 1407 illum
530 1345 669 1426 gradum
695 1365 753 1426 per
778 1346 1071 1427 dispensacionem‚
1102 1347 1122 1411 i.
1137 1368 1163 1411 e.
1191 1369 1251 1432 per
1280 1349 1533 1433 dissipacionem
1559 1371 1616 1413 seu

262 1467 433 1532 licenciam
463 1467 505 1528 ad
537 1464 661 1528 malum
692 1485 751 1546 per
781 1476 932 1547 regentes
964 1468 997 1529 in
1028 1466 1172 1545 Oxonia‚
1202 1477 1239 1532 ut
1269 1491 1333 1553 ego
1356 1470 1505 1533 Thomas
1533 1469 1618 1534 Gas-

144 1594 150 1604 '
262 1587 379 1670 coigne
395 1586 480 1664 novi,
493 1586 627 1667 quando
643 1585 714 1667 ipse
731 1585 849 1662 Pecok,
865 1587 1015 1667 provisus
1030 1594 1109 1651 tunc
1124 1588 1157 1651 in
1173 1590 1365 1672 episcopum
1384 1589 1616 1654 Cicistrensem

261 1727 320 1788 per
345 1707 454 1770 media
473 1705 631 1769 Willelmi
655 1707 748 1770 ducis
772 1705 1011 1771 Southfolchiae
1033 1717 1068 1770 et
1088 1707 1228 1772 Walteri
1250 1711 1338 1773 Hart
1361 1710 1505 1793 episcopi
1529 1711 1616 1776 Nor·

260 1828 428 1910 wycensis‚
463 1828 585 1910 incepit
623 1828 656 1889 in
687 1825 871 1908 Theologia
908 1827 969 1889 sub
1008 1829 1154 1910 quodam
1194 1829 1355 1894 monacho
1393 1827 1617 1895 cisterciensis

260 1949 396 2023 ordinis,
420 1949 554 2031 quaudo
581 1967 654 2029 ego,
680 1948 859 2029 praedictus
883 1946 1078 2030 Gascoigne,
1102 1948 1321 2013 Eboracensis
1344 1951 1484 2015 diocesis
1508 1961 1617 2028 natuS,

260 2069 306 2132 fui
338 2068 549 2133 cancellarius
575 2067 727 2140 Oxoniae,
759 2068 844 2132 circa
876 2089 1000 2132 annum
1029 2069 1166 2132 Domini
1195 2082 1286 2150 1445,
1313 2079 1347 2134 et
1377 2073 1512 2153 quando
1543 2070 1616 2136 libri

259 2191 410 2276 praedicti
445 2190 555 2254 Pecok
585 2189 716 2253 suerunt
746 2189 910 2254 combusti
936 2190 1126 2268 Londoniis,
1154 2212 1250 2269 anno,
1275 2194 1339 2266 die,
1367 2201 1401 2255 et
1430 2191 1504 2256 loco
1533 2213 1618 2275 prae·

260 2313 367 2390 dictis,
390 2313 461 2394 ipse
488 2311 662 2393 episcopus
687 2309 796 2373 Pecok
818 2309 880 2374 fuit
907 2330 1053 2392 praesens
1079 2313 1112 2374 in
1140 2312 1213 2376 loco
1237 2313 1475 2375 combustionis
1499 2333 1617 2376 eorun-

260 2435 348 2508 dem,
368 2435 487 2497 sedens
512 2432 555 2495 ad
579 2432 681 2512 pedes
704 2432 954 2513 episcoporum;
983 2442 1017 2495 et
1043 2433 1088 2495 sic
1111 2431 1166 2495 ille
1189 2432 1277 2495 idem
1301 2433 1473 2515 episcopus
1496 2433 1617 2508 Pecok,

261 2555 316 2636 qui
333 2563 432 2616 antea
447 2552 638 2635 praedicavit
653 2554 696 2614 ad
713 2571 843 2614 crucem
864 2549 978 2616 Sancti
996 2551 1087 2614 Pauli
1103 2553 1193 2632 quod
1217 2552 1371 2634 episcopi,
1387 2553 1421 2614 in
1439 2552 1502 2616 hoc
1525 2554 1615 2635 quod

260 2674 406 2756 episcopi
430 2682 515 2748 sunt,
538 2693 604 2734 non
628 2681 783 2735 tenentur
806 2671 994 2753 praedicare,
1015 2683 1048 2736 et
1070 2671 1134 2736 hoc
1158 2673 1245 2736 idem
1267 2674 1405 2754 scripsit,
1422 2672 1503 2736 illud
1526 2673 1615 2737 idem

260 2805 377 2878 postea
404 2795 578 2871 revocavit,
597 2804 630 2856 et
654 2793 687 2855 in
711 2793 829 2855 eodem
853 2793 926 2856 loco
950 2793 1005 2855 ubi
1030 2794 1153 2857 malum
1176 2793 1240 2857 hoc
1264 2794 1464 2875 praedicavit,
1482 2794 1616 2857 videbat

259 2916 361 2979 libros
391 2936 469 2978 suos
499 2924 577 2977 ante
608 2913 752 2994 seipsum
784 2913 930 2976 comburi
968 2915 1000 2976 in
1031 2915 1210 2996 praesencia
1246 2915 1476 2997 episcoporum
1513 2926 1547 2980 et
1583 2917 1615 2978 in

260 3037 440 3119 praesencia
466 3035 542 3100 cleri
569 3045 603 3099 et
630 3035 743 3126 magni
767 3034 890 3115 populi,
917 3055 1004 3097 auno
1029 3034 1165 3096 Domini
1192 3034 1271 3115 Jesu
1295 3041 1365 3096 mm⁰
1386 3041 1498 3099 ccccmo
1520 3035 1616 3118 quin·

259 3159 453 3242 quagesimo
476 3158 627 3238 septimo,
644 3155 681 3235 ij¹²
703 3154 869 3218 dominica
891 3154 1053 3216 adventus
1079 3154 1225 3231 Domini,
1241 3175 1315 3236 quae
1339 3154 1399 3218 luit
1421 3165 1539 3238 quarta
1562 3157 1616 3219 die

260 3279 382 3343 mensis
398 3277 610 3353 Decembris;
634 3284 668 3338 et
689 3295 789 3339 causa
807 3294 876 3336 suae
896 3272 1095 3338 confusionis
1114 3272 1175 3337 luit
1196 3275 1286 3356 quod
1306 3275 1505 3356 vituperavit
1526 3275 1615 3339 dicta

259 3411 293 3465 et
317 3401 439 3482 scripta
465 3408 653 3462 sanctorum
677 3397 850 3460 doctorum
873 3395 1042 3477 Jeronimi,
1063 3395 1243 3470 Ambrosii,
1265 3394 1454 3478 Augustini,
1475 3404 1509 3460 et
1532 3394 1615 3459 Gre-

258 3523 352 3606 gorii,
375 3530 409 3585 et
429 3520 567 3584 aliorum
592 3528 625 3582 et
646 3537 773 3600 parum,
796 3517 850 3581 vel
874 3516 973 3581 nichil
997 3517 1193 3599 ponderavit
1216 3516 1259 3578 de
1282 3516 1330 3578 eis
1353 3516 1413 3578 nisi
1437 3517 1614 3598 probarent

259 3643 381 3725 scripta
408 3662 467 3704 sua
495 3639 632 3713 racione,
656 3648 694 3701 ut
720 3639 791 3720 ipse
817 3638 926 3702 Pecok
952 3638 1040 3702 dixit
1066 3657 1156 3718 saepe
1180 3645 1213 3699 et
1240 3636 1378 3718 scripsit,
1403 3646 1437 3700 et
1459 3637 1614 3702 audiente

257 3765 396 3828 doctore
426 3760 559 3824 Thoma
590 3759 713 3822 Eboral
743 3759 831 3822 dixit
862 3754 1008 3822 ‘Vatht’
1038 3757 1080 3820 de
1115 3757 1213 3821 dictis
1247 3777 1361 3820 eorum
1389 3756 1549 3840 Jeronimi
1580 3767 1614 3823 et

258 3882 450 3968 Augustini,
468 3883 556 3945 unde
576 3881 692 3944 incidit
714 3879 746 3941 in
767 3879 895 3942 ruinam
917 3897 1083 3960 magnam.
1123 3877 1216 3940 Deus
1235 3898 1295 3959 pro
1313 3898 1372 3941 sua
1392 3877 1615 3943 misericordia

259 4024 346 4068 nunc
370 4002 534 4067 illuminet
560 4022 622 4065 nos
647 4011 680 4064 et
706 4020 781 4062 eum
808 4001 918 4082 gracia
944 4019 1014 4064 sua.
1062 3996 1177 4060 Plures
1202 3998 1231 4060 ei
1255 3997 1461 4062 adhaerentes
1484 4009 1517 4062 et
1539 4001 1615 4065 oleo

258 4125 463 4190 adulacionis
484 4143 559 4186 eum
581 4132 743 4205 ungentes
766 4141 876 4184 coram
900 4141 949 4195 eo,
969 4129 1003 4184 et
1026 4121 1058 4183 in
1082 4118 1153 4200 ejus
1175 4119 1329 4183 absencia
1351 4120 1515 4184 vocabant
1537 4142 1614 4186 eum

261 4245 445 4311 maximum
462 4242 677 4307 scientificum
695 4241 819 4305 mundi.
861 4240 1006 4322 ‘Popule
1026 4238 1139 4316 meus,’
1158 4241 1265 4323 inquit
1281 4239 1373 4303 Deus
1391 4261 1451 4323 per
1466 4241 1613 4320 Ysaiam,
