3818 4904
685 443 785 497 LOCI
810 443 840 496 E
868 445 992 499 LIBRO
1028 446 1286 502 VERITATUM.
1602 461 1662 525 113

311 654 466 736 corporis.
521 654 556 717 A
579 655 702 719 talibus
726 655 853 720 auferet
876 657 1041 720 Dominus
1067 657 1155 721 bona
1181 658 1301 739 quibus
1328 657 1517 735 abutuntur,
1541 669 1575 724 et
1603 682 1662 744 pc·

311 775 438 838 nuriam
459 796 565 839 rerum
590 778 636 840 eis
658 778 761 855 dabit,
777 787 813 841 ut
835 786 976 842 testatur
998 799 1058 861 per
1076 776 1164 841 Osee
1190 778 1407 861 prophetam:
1440 801 1490 843 vae
1516 780 1659 846 talibus!

309 895 367 977 qui
396 867 532 960 animas¹
554 900 697 980 perdunt
727 919 786 981 per
813 900 1048 964 retraccionem
1072 899 1233 963 bonorum
1264 909 1434 982 pastorum
1461 901 1517 982 qui
1546 902 1661 984 vigila·

309 1025 384 1079 rent
405 1018 615 1081 attendentes
640 1019 732 1102 gregi
756 1040 823 1097 suo,
846 1029 1007 1101 quantum
1030 1019 1063 1082 in
1084 1020 1139 1083 via
1164 1019 1299 1083 Domini
1322 1020 1498 1101 proficiunt
1519 1020 1571 1084 vel
1594 1042 1660 1087 non

308 1135 492 1218 proficiunt.
537 1136 605 1202 Sed
627 1160 687 1222 per
712 1141 852 1222 abrupta
873 1140 1031 1203 viciorum
1057 1149 1204 1222 pereunt,
1228 1148 1262 1202 et
1283 1161 1304 1202 a
1327 1139 1450 1204 talibus
1473 1142 1659 1223 pastoribus

307 1256 396 1320 bona
420 1258 600 1333 retrahunt,
624 1261 712 1324 unde
734 1261 888 1338 viverent,
904 1270 939 1324 et
964 1261 1053 1324 unde
1074 1261 1163 1324 bona
1186 1261 1368 1344 spiritualia
1392 1262 1659 1344 multiplicarent.

309 1375 411 1442 Tales
442 1382 691 1463 approprictarii
722 1382 942 1460 ecclesiarum,
974 1392 1008 1446 et
1043 1383 1147 1446 eciam
1178 1391 1321 1446 rectores
1350 1381 1468 1446 talium
1498 1384 1660 1446 bonorum

307 1500 484 1564 abusorum
511 1502 568 1565 illa
589 1525 664 1585 quae
687 1513 909 1585 susceperunt,
928 1513 965 1566 ut
986 1504 1020 1566 in
1042 1503 1106 1566 Dei
1129 1501 1253 1567 cultum
1275 1512 1449 1579 verterent,
1469 1514 1602 1568 vertunt
1626 1504 1660 1568 in

307 1620 421 1700 ydola,
448 1623 468 1687 i.
480 1644 506 1686 e.
530 1624 564 1686 in
588 1624 712 1687 malum
736 1624 871 1700 cultum,
898 1624 990 1687 etin
1017 1634 1233 1706 augmentum
1263 1634 1296 1688 et
1326 1625 1564 1688 nutrimentum
1590 1645 1660 1687 suae

305 1739 487 1823 voluptatis
510 1753 544 1808 et
569 1746 684 1809 caduci
709 1744 854 1809 honoris.
900 1741 1038 1823 ‘Tales’
1060 1745 1167 1827 inquit
1184 1744 1327 1808 Sanctus
1349 1743 1537 1825 Jeronimus
1560 1764 1660 1826 super

309 1858 398 1925 Osee
421 1865 628 1946 prophetam,
648 1871 727 1949 ‘per
750 1868 839 1930 bona
861 1866 1057 1947 temporalia
1081 1876 1234 1947 quaerunt
1260 1887 1336 1929 suas
1360 1865 1495 1930 delicias
1515 1866 1659 1940 enutriri,

308 1989 342 2045 et
363 1983 494 2064 talibus,
510 1986 575 2049 Dei
597 1989 814 2070 providencia,
831 1989 985 2052 accidunt
1008 1986 1103 2066 mala,
1121 2008 1162 2050 ne
1184 1986 1329 2051 habeant
1352 2008 1391 2050 ea
1413 2007 1488 2069 quae
1511 1987 1657 2067 cupiunt,

306 2113 341 2167 et
369 2107 467 2169 variis
496 2106 593 2189 hujus
628 2109 739 2173 saeculi
772 2109 909 2172 miseriis
939 2108 983 2172 ad
1014 2107 1079 2170 Dei
1112 2108 1303 2171 servitutem
1338 2107 1443 2171 redire
1474 2101 1657 2188 coguntur.’

308 2222 530 2307 Experiencia
556 2230 644 2293 enim
670 2231 768 2294 docet
794 2251 869 2312 quae
897 2228 985 2313 mala
1011 2237 1046 2292 et
1067 2238 1150 2310 quot
1174 2227 1262 2291 mala
1286 2237 1441 2291 secuntur
1467 2248 1511 2290 ex
1537 2246 1658 2309 appro-

305 2344 472 2427 priacione
500 2349 719 2429 ecclesiarum,
742 2351 800 2413 sed
827 2349 904 2431 quia
930 2348 1081 2412 homines
1103 2348 1173 2430 jam
1201 2368 1267 2411 non
1293 2348 1444 2411 senciunt
1469 2347 1558 2409 bona
1579 2365 1656 2427 quae

306 2468 518 2548 pervevirent,
549 2481 583 2534 et
612 2473 781 2553 quondam
811 2482 1029 2553 pervenerunt
1059 2490 1119 2552 per
1148 2470 1362 2551 praesenciam
1392 2468 1471 2530 boni
1504 2467 1655 2548 pastoris,

306 2586 382 2650 ideo
409 2588 479 2671 jam
510 2611 577 2655 non
607 2603 722 2657 curant
752 2602 861 2656 utrum
890 2591 1142 2675 appropriantur
1171 2611 1214 2654 an
1243 2611 1319 2668 non,
1345 2590 1422 2671 quia
1452 2590 1581 2652 videtur
1609 2588 1657 2650 eis

305 2709 396 2788 quod
427 2711 551 2774 malum
578 2713 796 2778 intollerabile
821 2709 1039 2795 sequitur'ex
1065 2711 1199 2775 rectoris
1225 2710 1388 2788 absencia,
1413 2710 1498 2773 sicut
1525 2730 1569 2773 ex
1598 2728 1657 2790 ap·

304 2831 534 2912 propriacione
554 2837 705 2916 pessima,
729 2845 949 2918 praeterquam
969 2834 1060 2915 quod
1080 2853 1180 2896 unum
1201 2832 1324 2894 malum
1345 2831 1443 2894 durat
1461 2831 1504 2894 ad
1524 2839 1656 2911 tempus

304 2960 339 3013 et
361 2951 452 3015 aliud
476 2953 601 3017 malum
618 2966 668 3019 est
689 2965 885 3038 perpetuum
901 2963 935 3017 et
958 2955 991 3016 in
1007 2953 1115 3034 majus
1138 2961 1172 3017 et
1195 2931 1310 3033 majus¹
1327 2950 1450 3014 malum
1472 2970 1654 3032 emergens.

307 3070 385 3148 Sed,
405 3072 490 3137 sorte
517 3075 606 3153 dicis,
629 3077 718 3159 quod
741 3076 991 3159 approprictarii
1014 3084 1110 3138 orant
1132 3095 1192 3157 pro
1215 3072 1421 3156 parochianis
1443 3071 1655 3136 ecclesiarum

303 3194 597 3275 approprietarum,
619 3207 653 3261 et
675 3197 745 3275 hoc,
761 3207 799 3261 ut
822 3197 911 3275 dicit,
934 3196 1040 3278 magis
1060 3195 1196 3279 prodest
1218 3195 1257 3257 iis
1280 3214 1380 3276 quam
1403 3194 1499 3256 unius
1521 3192 1656 3257 rectoris

303 3315 422 3392 oracio,
448 3318 508 3380 sed
533 3318 706 3397 racionem,
732 3340 853 3401 quaeso,
878 3337 990 3400 pensa.
1036 3316 1158 3380 Melius
1184 3316 1272 3379 enim
1299 3325 1350 3378 est
1376 3313 1484 3389 michi,
1508 3322 1545 3376 ut
1567 3313 1655 3377 bona

304 3435 404 3498 michi
428 3436 537 3516 facias,
560 3459 661 3521 quam
682 3461 743 3522 pro
766 3461 840 3517 me3
867 3438 950 3523 sicut
973 3436 1090 3501 melius
1113 3446 1163 3501 est
1185 3435 1294 3514 michi,
1317 3445 1354 3499 ut
1375 3433 1475 3497 michi
1500 3433 1654 3497 esurienti

304 3558 414 3620 cibum
430 3559 565 3636 tribuas,
583 3581 683 3643 quarn
699 3560 794 3625 alteri
812 3581 872 3644 pro
893 3580 955 3637 me,
969 3558 1023 3623 vel
1043 3578 1157 3621 amore
1175 3557 1250 3620 mei.
1282 3556 1445 3620 Sacerdos
1467 3564 1500 3620 et
1522 3563 1654 3617 curatus

303 3675 427 3743 faceret
444 3680 532 3744 bona
554 3682 647 3763 plura
667 3681 873 3765 parochianis
894 3690 929 3744 et
951 3699 1062 3743 coram
1080 3677 1297 3761 parochianis,
1313 3687 1350 3740 ut
1371 3677 1415 3740 ad
1437 3676 1561 3738 bonum
1584 3673 1654 3755 ejus

302 3799 405 3863 verbo
442 3810 476 3865 et
505 3804 663 3885 exemplo
700 3811 903 3874 moveantur,
934 3809 968 3865 et
998 3820 1064 3864 non
1094 3798 1201 3863 solum
1236 3798 1359 3862 faceret
1387 3798 1476 3860 bona
1506 3815 1565 3878 pro
1595 3794 1652 3859 eis.

304 3918 400 3999 Item,
423 3921 517 4003 plura
544 3922 631 3988 bona
658 3945 759 4007 opera
783 3922 964 4006 spiritualia
990 3931 1026 3984 et
1052 3920 1232 4003 corporalia
1258 3919 1336 3982 facit
1360 3927 1467 3982 rector
1492 3916 1599 3980 bonus
1621 3925 1656 3978 et

302 4048 434 4105 tenetur
455 4041 561 4106 lacere
583 4043 798 4127 parochianis,
821 4054 855 4107 et
876 4064 937 4126 pro
959 4041 1174 4125 parochianis,
1197 4059 1337 4123 quorum
1360 4036 1486 4101 nullum
1510 4037 1556 4100 eis
1578 4035 1656 4100 facit

300 4163 524 4227 communitas
561 4165 680 4246 quibus
713 4165 850 4230 ecclesia
880 4173 931 4228 est
962 4163 1184 4246 appropriata,
1215 4181 1274 4225 nec
1305 4168 1436 4224 tenetur
1473 4156 1588 4235 facere,
1618 4166 1656 4220 ut

302 4285 426 4363 dicunt,
456 4305 517 4349 nec
547 4286 636 4350 enim
666 4288 856 4369 pradicant,
888 4306 948 4351 nec
978 4305 1035 4349 eos
1064 4283 1252 4358 informant,
1284 4301 1343 4346 nec
1376 4279 1590 4344 elemosinam
1621 4287 1655 4342 et
