3818 4904
292 407 334 470 90
669 398 768 453 LOCI
793 397 823 449 E
851 397 976 451 LIBRO
1011 397 1269 452 VERITATUM.

292 611 425 676 deserto
451 615 545 676 annis
566 631 618 689 40,
640 622 674 675 et
701 612 881 694 portabunt
912 612 1163 676 fornicacionem
1189 610 1351 689 vestram‚'
1379 613 1398 673 i.
1417 633 1444 674 e.
1472 611 1651 692 punientur

292 732 474 810 vobiscum,
502 733 579 815 quia
609 731 696 795 filius
726 731 820 813 quasi
850 751 927 812 pars
958 733 1060 813 patris
1091 740 1149 808 est,
1176 752 1235 812 per
1264 733 1462 795 decisionem
1493 731 1650 806 seminis;

293 873 338 915 ex
360 852 481 934 quibus
503 861 597 935 patet
620 853 709 934 quod
735 852 907 926 Dominus,
932 852 1103 915 dimittens
1127 853 1174 914 eis
1201 861 1306 916 certas
1329 872 1454 933 poenas,
1477 851 1559 914 alias
1584 870 1650 912 non

295 972 428 1050 remisit,
450 973 531 1054 quin
549 983 667 1055 postea
689 971 762 1035 illas
784 992 901 1053 poenas
924 971 1088 1035 solverent
1111 981 1144 1034 et
1167 973 1374 1035 sustinerent.
1421 969 1539 1036 Solent
1562 970 1650 1033 enim

292 1094 398 1157 sancti
423 1102 533 1174 patres
564 1093 709 1157 ecclesiae
736 1093 904 1155 remittere
934 1103 968 1155 et
1003 1091 1118 1155 laxare
1148 1102 1254 1155 certas
1283 1113 1400 1176 poenas
1429 1092 1588 1175 positivas
1619 1099 1652 1153 et

293 1213 337 1277 ab
359 1211 494 1276 homine
509 1213 561 1276 vel
582 1235 602 1276 a
618 1213 692 1295 jure
712 1212 859 1276 ecclesiae
880 1213 1062 1294 impositas,
1079 1222 1112 1275 et
1132 1211 1195 1276 hoc
1218 1214 1383 1296 praecipue
1405 1211 1552 1276 fecerunt
1574 1211 1652 1293 quia

292 1333 364 1396 sine
390 1332 454 1395 illis
481 1334 589 1415 poenis
616 1333 704 1396 salus
729 1333 848 1396 animae
871 1331 986 1395 haberi
1008 1333 1126 1415 potuit,
1149 1341 1183 1397 et
1206 1334 1407 1398 remittendo
1430 1331 1503 1396 illas
1525 1350 1652 1415 poenas,

292 1452 345 1515 vel
376 1451 450 1516 illas
480 1474 598 1534 poenas
625 1453 832 1529 retrahendo,
859 1453 901 1515 ad
933 1462 1026 1516 actus
1055 1453 1238 1516 virtutuum
1271 1452 1422 1517 meliores
1449 1454 1652 1536 poenitentes

293 1572 382 1653 ipsos
412 1574 636 1656 praecipiendo
669 1573 873 1655 obligabant,
900 1581 933 1635 et
963 1572 1053 1654 ipsos
1082 1573 1283 1653 poenitentes
1310 1574 1493 1647 solvebant,
1520 1573 1540 1635 i.
1551 1593 1580 1635 e.
1607 1572 1651 1634 ad

293 1694 493 1774 condignam
524 1694 789 1759 satisfaccionem
816 1693 906 1774 juste
941 1693 1144 1770 remiserunt,
1175 1703 1211 1757 ut
1244 1702 1387 1758 testatur
1417 1693 1579 1757 Ricardus
1610 1692 1653 1754 de

294 1811 419 1877 Sancto
438 1814 573 1878 Victore
596 1815 629 1877 in
652 1814 736 1877 libro
763 1834 823 1877 suo
851 1814 905 1877 De
927 1822 1094 1894 potestate
1117 1813 1309 1877 absolvendi
1334 1824 1368 1878 et
1390 1813 1553 1877 retinendi
1576 1832 1653 1894 pec·

292 1940 377 1996 cata.
425 1932 574 1997 Caveant
601 1955 681 2016 ergo
710 1943 909 2015 peccatores
936 1954 978 1995 ue
1005 1934 1070 1996 sint
1097 1932 1221 1996 similes
1246 1932 1434 1997 hominibus
1460 1932 1653 2014 Jerusalem,

293 2073 360 2141 non
383 2074 460 2117 vere
482 2055 731 2136 poenitentibus,
755 2075 816 2117 nec
838 2074 914 2117 vere
937 2053 1125 2117 satisfacere
1146 2053 1343 2141 volentibus,
1365 2056 1408 2118 de
1430 2054 1550 2136 quibus
1573 2053 1654 2117 dicit

294 2141 470 2248 Ddininus,
493 2173 647 2254 Jeremiae
674 2181 737 2254 15⁰,
763 2173 821 2238 ‘Si
851 2183 1014 2237 steterunt
1046 2175 1183 2256 Moyses
1213 2185 1248 2238 et
1279 2174 1416 2239 Samuel
1446 2194 1557 2238 coram
1589 2194 1652 2247 me,

293 2314 360 2357 non
378 2303 428 2358 est
449 2295 560 2357 anima
579 2316 653 2359 mea
671 2296 715 2359 ad
738 2294 898 2378 populum
915 2297 1014 2358 istum
1028 2293 1046 2372 ;'
1069 2304 1102 2358 et
1116 2294 1270 2375 Jeremiae
1288 2302 1351 2373 14⁰,
1366 2294 1463 2358 ‘Noli
1482 2315 1576 2358 orare
1593 2314 1654 2376 pro

293 2413 418 2497 populo
441 2415 514 2493 isto,
540 2416 730 2505 inbonum,
753 2436 797 2479 sc.
820 2426 857 2479 ut
883 2417 1014 2479 veniam
1046 2414 1201 2490 habeant,
1225 2416 1304 2478 dum
1329 2416 1412 2480 tales
1438 2424 1654 2497 permanent3

292 2554 368 2598 cum
400 2534 631 2617 jejunaverunt
662 2557 728 2598 non
759 2537 939 2599 exaudiam
972 2556 1085 2618 preces
1116 2533 1268 2613 eorum;'
1303 2546 1336 2599 et
1366 2556 1465 2599 causa
1495 2535 1653 2610 redditur,

292 2654 405 2718 Ysaiae
428 2652 486 2735 58⁰
509 2663 581 2730 ca⁰.,
607 2657 666 2719 ‘In
690 2657 807 2719 diebus
827 2655 943 2737 jejunii
966 2657 1065 2719 vestri
1089 2657 1253 2719 invenitur
1273 2656 1427 2719 voluntas
1447 2665 1565 2733 vestra,
1587 2656 1608 2718 i.
1624 2676 1654 2719 e.

295 2796 362 2839 non
378 2776 452 2885 Dei,
467 2777 525 2839 sed
545 2787 671 2840 vestras
689 2777 796 2842 facitis
813 2777 1012 2854 voluntates,
1027 2778 1070 2839 ad
1093 2776 1168 2839 lites
1188 2777 1275 2840 enim
1300 2786 1334 2840 et
1354 2779 1397 2841 ad
1421 2777 1654 2841 contenciones

290 2896 468 2978 jejunatis!
515 2898 606 2975 Ideo,
627 2899 658 2963 Ο
679 2900 766 2962 bone
786 2899 885 2979 Jesut
911 2905 1011 2961 ‘sane
1034 2918 1097 2969 me,
1120 2907 1154 2961 et
1174 2899 1336 2976 sanab0r3
1364 2898 1493 2963 salvum
1516 2898 1653 2974 mefac,

294 3026 329 3081 et
344 3018 454 3081 salvus
471 3040 526 3082 ero
539 3020 556 3097 ;'
579 3020 688 3083 ‘dicas
703 3028 740 3084 tu
756 3021 894 3083 verbum
909 3028 943 3082 et
958 3019 1129 3082 sanabitur
1146 3039 1229 3101 puer
1244 3015 1355 3096 meus,’
1371 3019 1426 3083 i.e.
1443 3021 1555 3083 anima
1569 3039 1654 3082 mea.

293 3137 412 3220 Aliqui
433 3140 521 3202 enim
547 3141 671 3215 dicunt,
693 3151 727 3204 et
750 3140 840 3217 false,
862 3140 951 3222 quod
974 3139 1113 3221 quilibet
1133 3140 1204 3203 dies
1227 3140 1437 3222 poenitenciae
1459 3140 1655 3204 voluntariae

208 3240 212 3247 „
294 3261 327 3323 in
352 3259 414 3324 hac
440 3261 509 3325 vita
536 3271 586 3325 est
612 3261 776 3325 sufficiens
799 3281 900 3343 poena
923 3281 981 3323 seu
1005 3260 1206 3343 poenitencia
1228 3261 1271 3323 ad
1295 3260 1522 3324 remissionem
1544 3281 1655 3343 poenae

293 3380 446 3445 annualis
485 3383 518 3443 in
556 3403 756 3464 quocunque
793 3392 870 3464 post
907 3381 993 3445 hanc
1030 3382 1157 3460 vitam3
1200 3389 1233 3444 et
1269 3380 1334 3445 hoc
1371 3381 1491 3445 salsum
1528 3383 1655 3446 dictum

294 3501 433 3566 Domini
460 3501 645 3566 Ezechielis
671 3511 801 3584 quart0,
828 3511 943 3566 contra
967 3501 1173 3565 intellectum
1199 3501 1336 3565 Domini
1362 3501 1518 3584 allegant.
1564 3503 1656 3566 Dicit

294 3622 383 3685 enim
399 3623 523 3685 ibidem
540 3623 713 3700 Dominus,
731 3623 849 3686 ‘Diem
869 3643 930 3705 pro
946 3643 1034 3685 anno
1057 3621 1134 3684 dedi
1157 3621 1237 3697 tibi,’
1260 3624 1279 3684 i.
1293 3644 1321 3685 e.
1338 3643 1397 3703 per
1417 3632 1499 3704 quot
1514 3623 1586 3686 dies
1608 3633 1654 3693 tu,

294 3742 452 3807 Ezechiel
484 3744 633 3807 manebis
664 3745 697 3806 in
724 3742 787 3807 hoc
818 3743 901 3822 loco,
926 3764 984 3826 per
1011 3752 1063 3808 tot
1089 3764 1195 3807 annos
1228 3744 1288 3807 erit
1318 3743 1461 3826 populus
1488 3743 1591 3807 Israel
1621 3744 1655 3807 in

294 3864 488 3945 captivitate
518 3874 698 3946 antequam
729 3863 865 3927 libertas
896 3865 943 3926 eis
972 3863 1114 3941 dabitur,
1144 3864 1178 3926 in
1209 3872 1359 3946 tempore
1389 3863 1527 3927 Assueri
1558 3865 1654 3947 regis,

293 3991 329 4046 et
353 3983 476 4048 Hester
502 3987 642 4066 reginae3
671 3993 704 4049 et
735 3985 812 4048 inde
838 3994 875 4047 ut
901 3993 1043 4049 testatur
1067 3985 1211 4049 Sanctus
1235 3985 1422 4065 Jeronimus
1445 4006 1543 4068 super
1570 3985 1655 4048 Eze-

294 4103 434 4168 chielem
460 4108 492 4168 in
517 4104 765 4170 Commentario
794 4126 865 4168 suo.
921 4105 988 4189 Qui
1016 4126 1095 4188 ergo
1121 4107 1185 4168 ista
1206 4106 1306 4168 verba
1330 4107 1374 4169 ad
1400 4126 1533 4169 sensum
1557 4127 1654 4169 suum

295 4234 329 4288 et
366 4225 408 4288 ad
447 4226 651 4291 intellectum
682 4226 826 4289 alienum
860 4227 904 4290 ab
938 4226 1107 4292 intellectu
1145 4226 1202 4289 illa
1238 4227 1339 4290 verba
1371 4227 1479 4309 primo
1516 4226 1656 4292 dicentis
