3818 4904
280 437 318 497 14
650 426 747 482 LOCI
775 425 803 478 E
832 426 957 479 LIBRO
994 425 1251 480 VERITATUM.

276 642 321 705 ibi
352 643 384 706 in
413 662 504 705 sacra
528 640 722 723 Theologia‚
750 649 783 703 et
806 661 865 723 per
890 651 997 704 totum
1025 649 1157 721 tempus
1184 639 1270 702 illius
1298 639 1467 722 regendae,
1492 660 1550 703 nec
1573 658 1633 722 per

276 774 408 844 tempus
444 784 511 844 quo
546 762 638 824 stetit
674 760 886 825 cancellarius
921 759 1007 823 illius
1038 760 1271 824 Universitatis
1304 760 1394 822 nulla
1427 780 1567 843 persona
1598 760 1631 822 in

276 881 402 964 Anglia
429 882 550 964 optulit
578 882 606 944 ei
638 880 810 945 ecclesiam
837 880 982 962 aliquam
1008 899 1067 943 nec
1098 880 1311 961 praebendam
1342 900 1403 943 nec
1433 880 1632 963 dignitatem

276 1023 336 1067 nec
358 1003 587 1084 episcopatum
611 1021 671 1065 nec
694 1001 828 1082 aliquod
855 1000 1113 1064 ecclesiasticum
1137 1000 1225 1062 unde
1249 1010 1362 1082 posset
1386 1000 1495 1063 vivere
1521 1010 1557 1063 ut
1581 1020 1632 1062 sa·

276 1124 392 1186 cerdos
415 1122 467 1185 vel
490 1133 527 1186 ut
549 1123 729 1204 graduatus
752 1121 897 1198 clericus,
919 1121 977 1184 sed
998 1120 1084 1183 vixit
1107 1128 1179 1182 toto
1203 1119 1266 1183 hoc
1291 1130 1440 1204 tempore
1467 1121 1510 1184 de
1531 1140 1633 1203 parvo

276 1263 336 1305 suo
366 1244 564 1325 patrimonio
595 1241 769 1323 temporali
799 1241 841 1302 ad
872 1241 963 1322 quod
994 1251 1090 1303 natus
1121 1239 1190 1317 fuit,
1216 1262 1254 1303 eo
1284 1242 1374 1322 quod
1406 1240 1492 1303 filius
1519 1241 1633 1304 unicus

276 1362 339 1426 luit
357 1363 390 1424 in
410 1374 516 1425 morte
531 1362 635 1444 patris
651 1362 719 1423 sui:
744 1369 777 1423 et
801 1361 885 1437 novi,
900 1361 1035 1441 quando
1058 1360 1177 1423 eodem
1199 1369 1348 1442 tempore
1368 1382 1435 1442 quo
1456 1360 1633 1442 praedictus

277 1483 394 1545 doctor
425 1481 487 1546 fuit
521 1481 734 1545 cancellarius
772 1479 916 1544 Oxoniae
949 1480 980 1540 in
1020 1500 1141 1562 magna
1175 1479 1264 1543 sama
1301 1480 1450 1544 scienciae
1487 1492 1521 1543 et
1553 1480 1633 1544 boni

277 1603 444 1685 regiminis
474 1602 559 1664 inter
588 1600 749 1704 homines,
781 1600 870 1680 quod
902 1601 986 1662 inter
1016 1609 1143 1663 ceteros
1176 1600 1310 1682 indigne
1340 1610 1519 1682 promotos,
1550 1621 1633 1663 unus

276 1722 386 1787 fatuus
409 1720 556 1804 juvenis¹
581 1722 659 1802 xviij
678 1741 840 1784 annorum
868 1721 899 1781 in
928 1728 1028 1782 aetate
1058 1720 1204 1783 existens
1229 1720 1290 1782 fuit
1317 1730 1488 1802 promotus
1514 1722 1558 1784 ad
1585 1721 1631 1803 xij

278 1842 462 1924 prebendas
485 1852 518 1904 et
541 1843 583 1905 ad
608 1861 766 1923 magnum
793 1839 1095 1903 archidiaconatum
1123 1849 1255 1904 centurn
1286 1841 1441 1906 librarum
1466 1843 1499 1905 in
1523 1841 1635 1906 valore

279 1974 313 2026 et
339 1961 381 2025 ad
413 1982 512 2024 unam
539 1981 693 2043 magnam
721 1961 903 2036 rectoriam,
928 1969 962 2024 et
989 1980 1073 2023 unus
1097 1961 1252 2024 secularis
1278 1961 1379 2025 homo
1407 1963 1530 2044 recepit
1560 1964 1634 2025 red·

277 2083 367 2146 ditus
390 2083 537 2146 omniurn
561 2080 796 2145 beneficiorum
823 2081 1055 2161 praedictorum
1080 2090 1113 2144 et
1137 2083 1298 2165 expendit
1321 2082 1406 2146 circa
1429 2082 1521 2145 illurn
1541 2082 1635 2164 juve-

278 2223 355 2265 nem
374 2211 504 2265 tantum
521 2211 682 2283 quantum
702 2201 772 2283 ipse
791 2201 944 2265 secularis
960 2201 1072 2279 voluit,
1088 2211 1122 2265 et
1139 2222 1308 2283 nunquam
1325 2203 1417 2266 dedit
1433 2212 1635 2286 compotum,

279 2333 312 2386 et
343 2323 398 2387 ille
425 2323 554 2403 juvenis
583 2322 645 2386 fuit
675 2322 761 2386 filius
788 2323 884 2385 unius
910 2322 1066 2404 simplicis
1097 2323 1210 2386 militis
1240 2332 1274 2386 et
1304 2324 1397 2403 quasi
1425 2323 1543 2402 fatuus,
1567 2324 1635 2389 fere

280 2443 429 2526 quolibet
452 2444 505 2507 die
527 2443 644 2519 ebrius,
660 2464 759 2524 quem
775 2443 821 2506 sic
840 2443 983 2525 episcopi
1000 2453 1243 2525 promoverunt,
1258 2453 1295 2506 ut
1316 2442 1483 2524 placerent
1503 2445 1635 2508 cuidam
1697 2457 1699 2461 '

281 2584 403 2646 magno
432 2564 568 2628 domino
602 2564 770 2626 mundano
800 2583 876 2626 cum
907 2583 973 2645 quo
1003 2562 1058 2625 ille
1084 2563 1214 2644 juvenis
1245 2563 1277 2625 in
1308 2572 1397 2627 statu
1428 2564 1544 2646 puerili
1574 2565 1637 2628 suit

227 2718 229 2720 ·
280 2683 378 2758 lusor,
403 2694 438 2748 et
465 2685 559 2748 stetit
585 2685 617 2746 in
650 2685 861 2765 promocione
888 2683 1015 2746 illarum
1040 2684 1280 2766 prebendarum
1308 2694 1340 2747 et
1366 2683 1451 2747 illius
1475 2685 1635 2749 archidia-

279 2812 417 2867 conatus
440 2825 498 2886 per
519 2826 569 2866 xx
589 2824 694 2867 annos
715 2803 791 2881 lere,
807 2804 840 2866 in
863 2804 982 2886 quibus
1001 2824 1170 2885 nunquam
1191 2803 1254 2868 suit
1277 2805 1309 2866 in
1330 2806 1434 2886 gradu
1457 2807 1636 2870 sacerdocii

280 2943 340 2987 nec
370 2923 489 2986 habilis
517 2924 695 3004 judicatus,
722 2933 759 2987 ut
789 2925 893 3006 possit
924 2944 995 2986 esse
1028 2925 1190 3002 sacerdos,
1223 2944 1285 2988 nec
1314 2945 1460 3006 unquam
1491 2925 1637 2989 residens

280 3043 344 3107 fuit
364 3044 397 3106 in
419 3043 530 3126 aliqua
554 3065 612 3107 sua
634 3043 813 3127 praebenda
836 3064 895 3107 nec
919 3045 951 3106 in
974 3044 1241 3108 archidiaconatu
1265 3064 1325 3108 nec
1349 3045 1381 3108 in
1405 3046 1552 3118 rectoria,
1576 3046 1636 3110 sed

280 3165 392 3227 omnia
421 3165 552 3227 suerunt
579 3185 692 3229 secum
720 3167 910 3248 dispensata
935 3166 988 3229 vel
1018 3166 1179 3248 dissipata
1208 3186 1228 3228 a
1259 3165 1339 3229 sede
1370 3165 1533 3243 Romana,
1560 3188 1636 3248 quae

280 3286 449 3366 quondam
480 3285 541 3349 fuit
572 3297 677 3348 mater
708 3307 852 3350 errorum
883 3295 916 3350 et
947 3287 1220 3369 supersticionum
1251 3294 1289 3348 ut
1321 3295 1462 3349 testatur
1493 3285 1637 3350 Sanctus

282 3405 354 3469 Leo
381 3426 468 3488 papa
496 3407 529 3468 in
554 3426 705 3469 sermone
730 3428 789 3469 suo
816 3407 858 3469 de
886 3408 1031 3470 martirio
1056 3406 1322 3470 beatissimorum
1349 3406 1575 3487 apostolorum
1603 3417 1637 3471 et

282 3526 454 3589 martirum
476 3526 564 3589 Petri
580 3535 613 3589 et
633 3527 735 3590 Pauli.
783 3528 867 3590 Haec
888 3528 1047 3610 praedicta
1068 3548 1140 3590 esse
1154 3547 1232 3590 vera
1252 3547 1315 3608 ego
1336 3528 1452 3590 doctor
1466 3526 1538 3590 haec
1559 3528 1637 3591 scri·

281 3646 364 3709 bens
387 3647 462 3709 novi
486 3657 519 3709 et
544 3646 694 3710 dolenter
716 3646 788 3710 haec
811 3669 900 3730 saepe
919 3649 1070 3731 cogitavi,
1086 3649 1223 3712 credens
1245 3647 1386 3729 plurima
1407 3648 1553 3730 poenalia
1576 3649 1637 3711 im·

282 3767 406 3831 minere
430 3767 578 3831 ecclesiae
599 3769 631 3829 in
653 3790 719 3850 qua
739 3770 836 3832 turba
858 3769 1047 3832 dominatur
1063 3769 1206 3851 plurium
1231 3767 1403 3831 malorum.
1448 3768 1525 3850 Jam
1548 3768 1638 3832 enim

284 3889 428 3971 episcopi
459 3889 590 3971 publice
617 3890 731 3952 dicunt
757 3890 846 3972 quod
871 3910 937 3953 non
965 3899 1118 3954 tenentur
1141 3890 1328 3972 praedicare,
1353 3900 1386 3952 et
1410 3888 1481 3969 jam
1503 3889 1638 3972 ‚publice

283 4010 406 4087 dicunt,
423 4009 512 4090 quod
537 4009 676 4091 quilibet
701 4019 807 4073 rector
826 4011 878 4073 vel
904 4012 1043 4075 vicarius
1068 4020 1118 4074 est
1144 4031 1219 4073 vere
1244 4011 1390 4072 residens
1417 4010 1449 4072 in
1475 4031 1533 4073 sua
1560 4031 1639 4074 cura

284 4130 310 4189 si
342 4130 384 4191 sit
411 4131 443 4192 in
471 4131 571 4193 domo
599 4131 742 4214 episcopi
767 4130 818 4194 vel
847 4133 878 4193 in
907 4130 1018 4213 aliquo
1049 4133 1156 4195 officio
1187 4131 1327 4193 limitato
1354 4152 1413 4212 per
1437 4132 1637 4215 episcopum,

508 4266 513 4298 ¹
532 4265 586 4314 The
598 4282 685 4328 person
698 4266 801 4316 referred
815 4273 841 4344 to
853 4284 903 4316 was
916 4267 996 4317 Fulke
1009 4267 1192 4331 Bermingham.
1225 4266 1271 4315 See
1283 4266 1319 4316 Le
1330 4267 1407 4316 Neve.
