3818 4904
696 448 795 502 LOCI
821 447 850 499 E
879 448 1003 503 LIBRO
1038 450 1297 505 VERITATUM.
1514 508 1518 513 .
1631 461 1672 526 99

323 669 357 723 et
380 660 489 742 pudor
510 659 638 742 peccati
661 659 694 723 in
718 662 764 724 eis
786 681 852 724 non
873 671 934 724 est.
991 660 1059 725 Sed
1081 662 1171 746 quod
1194 661 1349 727 abhorret
1370 662 1543 741 Dominus,
1561 662 1674 728 Ysaiae

322 785 358 861 3⁰
373 785 445 856 ca⁰.,
469 779 664 843 ‘Peccatum
686 800 783 843 suum
806 790 844 844 ut
863 780 1011 845 Sodoma
1034 781 1304 865 praedicaverunt,
1327 803 1388 846 nec
1410 778 1673 862 absconderunt’

323 899 383 964 i.e.
396 909 569 995 peccatum
592 921 687 963 suum
712 900 841 983 publice
862 902 1051 976 ostendunt,
1072 922 1131 967 nec
1153 903 1368 982 abscondunt,
1388 905 1447 967 sed
1469 924 1544 966 cum
1566 904 1674 969 fronte

323 1021 511 1095 meretricis,
528 1021 582 1084 i.e.
598 1021 723 1102 absque
738 1022 872 1103 pudore,
889 1022 1095 1103 applaudunt
1111 1023 1261 1087 manibus
1279 1033 1314 1088 et
1328 1023 1481 1087 laetantur
1496 1044 1571 1088 cum
1588 1024 1675 1088 male

323 1138 487 1218 fecerunt3
511 1160 571 1203 nec
587 1140 764 1204 attendunt
781 1141 824 1204 ad
844 1142 945 1205 verba
960 1141 1021 1205 Xti
1040 1143 1073 1204 in
1090 1142 1272 1225 Evangelio
1288 1144 1435 1221 dicentis,
1452 1144 1533 1207 ‘Vae
1548 1143 1642 1209 vobis
1653 1143 1677 1204 l'

323 1280 367 1324 sc.
388 1260 445 1342 qui
463 1261 509 1324 sic
533 1260 653 1335 ridetis,
671 1261 760 1342 quod
782 1260 902 1325 flebitis
925 1282 974 1338 eo,
990 1281 1034 1326 sc.
1048 1263 1138 1344 quod
1160 1263 1193 1326 in
1215 1263 1310 1326 rebus
1332 1263 1484 1346 pessimis
1507 1262 1674 1329 exultatis.

325 1381 356 1445 Ο
377 1380 521 1444 Domine
541 1381 651 1444 Deus!
680 1381 736 1462 qui
759 1381 863 1445 fecisti
887 1382 920 1444 in
942 1383 1037 1464 aquis
1054 1383 1173 1446 validis
1195 1393 1317 1447 terram
1339 1384 1481 1447 arridam
1505 1405 1672 1467 apparere,

323 1509 356 1563 et
377 1501 410 1563 in
427 1500 512 1563 Mari
530 1501 644 1564 Rubro
664 1501 751 1563 viam
775 1502 845 1565 sine
869 1502 1114 1583 impediment0,
1130 1504 1174 1565 da
1196 1512 1229 1566 et
1252 1504 1404 1580 concede,
1420 1512 1465 1581 ut,
1480 1504 1596 1586 spiritu
1615 1512 1674 1567 tuo

323 1630 489 1703 operante,
516 1620 721 1684 exsiccentur
751 1622 814 1684 ista
840 1620 977 1686 flumina
1003 1622 1123 1686 misera
1150 1622 1329 1698 Babilonis‚
1353 1632 1390 1686 ut
1416 1625 1558 1706 populus
1585 1633 1674 1701 tuus,

323 1742 366 1805 de
389 1742 582 1823 captivitate
603 1742 729 1824 peccati
752 1742 889 1820 rediens,
911 1764 1005 1806 veras
1026 1741 1141 1807 laudes
1164 1752 1198 1807 et
1218 1753 1393 1826 perpetuas
1415 1744 1476 1807 tibi
1500 1744 1617 1808 reddat
1640 1743 1674 1809 in

324 1861 450 1926 coelesti
474 1862 568 1945 Syon
590 1871 625 1926 et
645 1863 840 1942 Jerusalem.
883 1863 1005 1927 Amen.

411 1992 449 2060 [p.
467 1991 536 2059 502]
580 1990 690 2048 Fides.
734 1983 772 2048 Si
809 1985 898 2048 enim
932 1994 1068 2067 propter
1097 2005 1200 2047 unum
1234 1985 1371 2049 verbum
1401 1996 1459 2050 aut
1489 1986 1565 2063 du0,
1598 2004 1673 2067 quae

322 2104 486 2170 contraria
507 2103 584 2168 fidei
610 2113 695 2182 sunt,
719 2104 832 2168 multae
862 2103 1003 2169 haereses
1032 2103 1172 2187 abjectae
1198 2115 1275 2169 sunt
1305 2106 1349 2169 ab
1380 2105 1525 2183 ecclesia,
1547 2113 1675 2188 quanto

324 2226 431 2308 magis
461 2224 513 2288 hic
541 2225 624 2288 inter
649 2225 822 2289 haereticos
850 2226 1027 2290 habebitur
1054 2227 1110 2309 qui
1139 2237 1250 2291 tantas
1272 2228 1502 2307 perversitates
1525 2235 1558 2290 et
1580 2235 1676 2291 tanta

324 2347 413 2412 mala
442 2348 601 2430 dogmata
633 2356 747 2410 contra
773 2347 874 2410 fidem
899 2346 1077 2426 adinvenit,
1101 2355 1136 2414 et
1163 2347 1227 2410 Dei
1254 2346 1400 2412 ecclesiae
1424 2347 1530 2411 hostis
1552 2346 1674 2411 extitit.

325 2469 411 2533 Haec
434 2468 479 2531 ibi
502 2467 544 2530 de
567 2466 720 2549 Origene,
743 2465 836 2548 cujus
867 2466 1043 2549 ingenium,
1067 2488 1133 2531 non
1164 2467 1275 2544 fidem,
1299 2476 1439 2532 testatur
1462 2467 1506 2530 ibi
1532 2466 1675 2530 Sanctus

322 2589 511 2672 Jeronimus
541 2608 576 2651 se
603 2587 766 2652 laudasse.
822 2585 1046 2651 Consimiliter
1065 2587 1145 2669 jam,
1169 2609 1256 2653 anno
1281 2586 1419 2651 Domini
1449 2597 1541 2666 1457,
1567 2585 1674 2649 visum

324 2722 376 2777 est
398 2710 535 2775 diversis
558 2710 688 2791 magnis
710 2718 744 2772 et
767 2707 914 2791 pluribus
934 2709 1124 2773 doctoribus
1146 2710 1236 2792 quod
1261 2708 1335 2773 libri
1358 2708 1447 2786 editi,
1468 2707 1614 2790 inscripti
1641 2706 1674 2769 in

324 2832 469 2915 Anglico
492 2839 525 2894 et
547 2830 679 2908 Latino,
702 2850 761 2912 per
784 2829 1006 2914 Reginaldum
1022 2831 1140 2908 Pecok,
1155 2817 1340 2908 Wallicum,
1357 2829 1547 2913 episcopum
1570 2848 1675 2910 quon·

324 2956 404 3019 dam
419 2952 642 3015 Assavensem
659 2952 691 3014 in
707 2950 837 3028 Wallia,
853 2962 887 3016 et
902 2960 1018 3035 postea
1035 2951 1285 3030 Cicestrensem‚
1299 2952 1416 3016 merito
1430 2949 1550 3032 abjecti
1566 2958 1676 3014 essent

324 3098 346 3141 a
367 3075 494 3140 lectura
514 3072 686 3137 hominum
708 3082 742 3136 et
765 3074 919 3137 auditura
941 3074 1131 3151 eorundem,
1149 3073 1235 3154 quia,
1253 3081 1291 3136 ut
1314 3092 1334 3136 a
1354 3070 1502 3156 plurimis
1521 3071 1676 3137 asseritur

325 3205 360 3260 et
375 3195 533 3268 scribitur,
552 3193 625 3258 libri
648 3196 698 3258 sui
721 3215 781 3279 per
796 3216 872 3258 eum
895 3193 976 3258 editi
996 3203 1030 3258 et
1050 3195 1171 3277 scripti,
1187 3195 1221 3257 in
1236 3193 1387 3277 Anglicis
1402 3193 1510 3258 verbis
1526 3203 1560 3258 et
1574 3190 1677 3275 aliqui

325 3318 359 3382 in
386 3317 524 3396 Latinis,
549 3316 719 3381 continent
742 3315 838 3400 plura
861 3315 945 3380 salsa
971 3325 1005 3381 et
1028 3336 1188 3399 perversa,
1215 3325 1249 3379 et
1272 3316 1394 3398 scripta
1416 3321 1464 3391 4⁰¹
1487 3323 1676 3379 sanctorum

324 3441 499 3504 doctorum
535 3437 703 3519 jeronimi,
739 3437 929 3521 Augustini,
968 3436 1145 3516 Ambrosii,
1186 3445 1220 3500 et
1256 3436 1346 3500 beati
1384 3434 1533 3518 Gregorii
1569 3455 1675 3518 papae,

323 3559 567 3645 reprehensiva.
623 3557 784 3623 Scribitur
813 3558 917 3622 eciam
948 3558 991 3622 de
1021 3560 1140 3623 eodem
1164 3557 1354 3640 Reginaldo
1380 3555 1496 3632 Pecok,
1523 3555 1613 3638 quod
1643 3556 1676 3618 in

324 3683 408 3746 libro
441 3702 511 3758 suo,
535 3701 635 3762 quem
673 3679 744 3762 ipse
780 3678 929 3744 intitulat
959 3679 1011 3743 De
1046 3679 1137 3754 Fide,
1167 3679 1247 3743 dicit
1277 3686 1310 3741 et
1344 3676 1464 3754 scribit,
1494 3676 1583 3758 quod
1613 3675 1676 3740 hoc

324 3804 451 3867 dictum
468 3803 557 3865 beati
574 3800 731 3883 Gregorii,
750 3799 882 3864 Omelia
899 3798 948 3879 26,
965 3800 1083 3865 ‘Fides
1098 3821 1164 3863 non
1180 3798 1282 3863 habet
1298 3797 1451 3861 meritum
1466 3796 1518 3860 cui
1532 3794 1678 3860 humana

324 3924 409 3988 ratio
429 3923 557 4006 praebet
578 3919 856 4006 experimentum’
875 3930 925 3984 est
944 3919 1072 3998 falsum,
1087 3929 1122 3984 et
1141 3920 1245 3984 eciam
1262 3919 1308 3982 ibi
1331 3917 1433 3999 ponit,
1450 3917 1540 3998 quod
1560 3917 1678 3980 beatus

324 4043 504 4128 Gregorius
533 4043 728 4108 contradicit
761 4042 822 4106 sibi
853 4042 914 4125 ipsi
946 4040 1115 4124 Gregorio
1177 4041 1263 4104 Item
1300 4038 1451 4102 scribitur
1483 4037 1526 4101 de
1559 4038 1678 4101 eodem

324 4166 481 4251 episcopo
512 4165 709 4248 Reginaldo‚
740 4166 829 4248 quod
860 4164 950 4228 dicta
979 4164 1152 4228 doctorum
1191 4182 1256 4226 non
1290 4169 1368 4224 sunt
1404 4158 1577 4235 credenda,
1616 4158 1677 4222 nisi

325 4286 383 4351 illa
406 4287 547 4370 probent
577 4286 716 4353 naturali
743 4287 880 4365 racione,
906 4294 939 4349 et
969 4286 1059 4367 quod
1089 4304 1204 4350 sensus
1234 4303 1335 4348 sacrae
1365 4280 1534 4363 scriptura:
1568 4279 1679 4383 nullus
1707 4344 1713 4378 :

969 4403 992 4453 Ο
1017 4405 1034 4452 2
