3818 4904
290 411 333 474 94
669 403 768 458 LOCI
793 403 823 455 E
852 402 976 455 LIBRO
1012 401 1270 457 VERITATUM.

290 618 479 701 integritate
498 619 821 682 circumstanciarum
839 638 914 698 quae
934 618 1141 699 requiruntur
1159 618 1201 678 ad
1221 617 1322 680 talem
1343 625 1465 694 actum,
1482 626 1517 678 ut
1538 625 1649 678 osten·

289 738 340 802 dit
356 737 499 804 Sanctus
515 739 664 802 Thomas
679 739 722 802 de
737 738 874 821 Aquino
895 758 992 819 super
1012 739 1193 801 secundum
1212 737 1472 815 Sentenciarum,
1490 748 1523 800 et
1542 737 1648 801 eciam

289 859 407 921 doctor
422 858 552 922 subtilis
568 860 725 941 magister
739 859 909 939 Johannes
925 858 1031 920 Duns.
1077 857 1185 921 Actus
1201 858 1288 920 enim
1305 858 1423 921 dicitur
1441 857 1474 919 in
1490 878 1526 920 se
1543 857 1649 920 malus

289 980 424 1059 quando
451 979 559 1042 tendit
587 981 620 1041 in
651 978 819 1060 objectum
846 999 913 1041 non
940 999 1046 1052 suum,
1078 998 1137 1040 nec
1169 977 1231 1040 sibi
1257 978 1464 1054 conveniens,
1491 975 1543 1039 vel
1570 978 1648 1058 quia

289 1099 398 1162 tendit
425 1100 458 1160 in
486 1098 652 1179 objectum
685 1100 882 1161 conveniens
912 1098 1010 1176 actui,
1036 1098 1094 1161 sed
1127 1106 1214 1161 caret
1241 1096 1499 1161 circumstanciis
1525 1097 1648 1160 debitis

289 1221 386 1294 actui,
411 1240 456 1282 sc.
482 1219 553 1297 loci,
578 1218 630 1281 vel
657 1220 825 1300 temporis,
849 1218 901 1282 vel
928 1238 1088 1301 personae,
1113 1219 1190 1298 quia
1217 1238 1282 1280 non
1310 1218 1463 1280 convenit
1489 1216 1548 1280 tali
1575 1238 1647 1299 per·

289 1359 380 1402 sonae
402 1340 455 1403 vel
482 1339 554 1402 aliis
581 1340 848 1403 circumstanciis.
895 1339 1099 1422 Dispensans
1126 1340 1225 1412 enirn,
1248 1336 1300 1400 vel
1327 1337 1502 1400 licencians
1522 1337 1646 1419 aliquid

289 1459 368 1535 fieri,
388 1459 441 1522 vel
459 1481 525 1523 non
546 1459 625 1534 fieri,
648 1471 681 1525 et
704 1460 859 1524 ordinans
880 1460 996 1541 legem,
1015 1458 1068 1522 vel
1091 1459 1297 1522 sentencians
1317 1457 1451 1540 aliquid,
1471 1457 1648 1522 attendent

288 1579 332 1643 ad
359 1580 460 1643 verba
483 1580 629 1656 Domini,
653 1581 904 1643 Deuteronomii
932 1577 985 1640 18⁰
1008 1586 1078 1652 ca⁰.,
1102 1579 1322 1659 ‘judicabunt
1344 1578 1404 1641 tibi
1427 1577 1543 1659 judicii
1564 1579 1648 1641 veri·

288 1709 393 1764 tatem
417 1710 451 1764 et
473 1700 572 1764 iacies
595 1701 815 1783 quodcunque
836 1699 981 1762 dixerint
1002 1699 1058 1781 qui
1081 1708 1227 1781 praesunt
1248 1698 1329 1774 loco,
1352 1709 1385 1762 et
1406 1699 1590 1761 docuerunt
1613 1708 1647 1763 te

285 1819 384 1900 juxta
407 1819 497 1902 leges
521 1821 595 1898 Dei,
617 1829 650 1882 et
674 1821 730 1901 qui
754 1841 819 1883 non
843 1820 1026 1884 obediverit
1049 1819 1229 1883 sacerdotis
1252 1819 1390 1900 imperio
1415 1815 1589 1895 morietur‚'
1610 1830 1647 1883 ut

288 1940 413 2002 ibidem
440 1940 589 2021 praecipit
615 1939 791 2002 Dominus.
846 1939 1063 2022 Dispensaeio
1086 1941 1174 2002 enim
1197 1938 1251 2003 vel
1276 1938 1465 2002 licenciacio
1489 1938 1589 2020 Papae
1612 1950 1646 2003 et

288 2059 423 2124 alterius
441 2069 643 2142 potestatem
662 2060 874 2142 dispensandi
895 2060 1047 2125 habentis
1069 2061 1158 2125 tollit
1181 2060 1441 2143 prohibicionem
1464 2059 1645 2124 humanam

288 2181 321 2242 in
337 2179 411 2262 lege
426 2183 548 2261 scripta
566 2181 726 2262 positiva;
752 2192 787 2244 ut
803 2192 896 2244 actus
913 2183 945 2244 in
964 2203 1000 2244 se
1018 2182 1208 2245 indifferens
1227 2203 1293 2245 non
1309 2182 1351 2245 sit
1367 2183 1400 2244 in
1421 2183 1519 2246 certis
1539 2183 1647 2247 causis

288 2300 540 2364 racionabilibus
554 2302 634 2366 dato
649 2301 775 2364 homini
792 2301 985 2383 prohibitus,
1001 2323 1040 2365 eo
1056 2304 1145 2384 quod
1163 2301 1337 2366 manifesta
1354 2303 1450 2377 racio,
1463 2324 1521 2367 seu
1539 2324 1646 2367 rerum

288 2422 467 2499 evidencia,
482 2422 688 2485 demonstrat
707 2421 876 2485 hominem
898 2424 931 2484 in
956 2424 1052 2485 certis
1073 2424 1204 2485 casibus
1225 2443 1291 2485 non
1313 2444 1383 2486 esse
1404 2423 1552 2487 debitam
1576 2445 1647 2487 ma·

286 2542 404 2604 teriam
438 2543 532 2605 istius
565 2542 655 2624 legis,
686 2552 722 2605 ut
752 2544 795 2605 ad
829 2543 899 2623 ejus
930 2544 1177 2606 observanciam
1208 2546 1242 2606 in
1272 2544 1330 2607 tali
1362 2565 1439 2608 casu
1470 2545 1645 2628 obligetur.

288 2661 492 2743 Exemplum
512 2663 564 2726 hic
584 2672 634 2725 est
651 2663 683 2724 in
700 2682 787 2726 casu.
835 2663 931 2726 Unus
947 2663 1047 2726 homo
1066 2664 1274 2741 scientificus,
1291 2664 1456 2727 excellens
1472 2666 1505 2727 in
1524 2666 1645 2729 sancti·

286 2791 357 2846 tate
387 2784 473 2861 vitae,
503 2794 683 2866 occupatus
714 2784 747 2846 in
778 2805 855 2847 cura
886 2805 1006 2867 magna
1036 2787 1230 2863 animarum,
1260 2787 1293 2848 in
1323 2786 1430 2849 salute
1459 2787 1645 2849 animarum

287 2914 503 2983 consumptus
526 2904 643 2982 ethica,
666 2906 685 2968 i.
695 2926 722 2968 e.
744 2907 1000 2988 consumpcione
1023 2907 1147 2971 decidit
1170 2906 1204 2969 in
1224 2905 1357 2985 lectum,
1376 2908 1466 2971 vovit
1489 2928 1549 2989 pro
1573 2918 1646 2972 tota

286 3025 355 3087 vita
375 3045 435 3087 sua
455 3025 568 3089 stricto
587 3025 713 3107 jejunio
732 3024 891 3107 jejunare,
912 3025 969 3089 tali
991 3026 1045 3089 die
1067 3028 1100 3089 in
1117 3048 1184 3108 qua
1204 3028 1231 3090 si
1253 3028 1300 3092 sic
1320 3027 1447 3109 jejunet
1467 3028 1645 3092 verisimile

286 3154 337 3208 est
368 3147 458 3227 quod
489 3146 698 3227 periclitabit.
751 3147 827 3228 Jam
859 3147 937 3210 boni
966 3147 1087 3228 judicis
1116 3147 1295 3230 spiritualis
1321 3158 1372 3211 est
1400 3148 1586 3213 discernere
1610 3158 1645 3213 et

282 3266 440 3348 judicare,
463 3267 571 3349 ipsum
595 3289 661 3330 non
685 3289 756 3331 esse
780 3269 952 3333 materiam
976 3270 1069 3333 istius
1092 3270 1183 3352 legis,
1208 3291 1268 3334 nec
1291 3271 1333 3333 ad
1358 3271 1455 3333 istam
1478 3269 1561 3353 legis
1583 3271 1643 3334 ob·

285 3390 489 3453 servanciam
511 3389 613 3471 ligari,
632 3411 698 3471 qua
718 3391 904 3454 decernitur
927 3401 961 3454 et
980 3391 1137 3455 statuitur
1158 3413 1258 3455 omne
1277 3402 1392 3456 votum
1415 3391 1542 3456 licitum
1565 3392 1643 3455 sim-

284 3511 414 3593 pliciter
439 3511 692 3589 observandum,
719 3522 753 3575 et
782 3512 844 3575 ista
874 3513 977 3576 virtus
1002 3535 1059 3576 seu
1090 3514 1270 3595 prudencia
1294 3514 1446 3589 docendi,
1472 3514 1643 3595 quomodo

285 3641 319 3694 et
338 3632 471 3713 quando
491 3632 548 3695 lex
569 3631 717 3696 humana
735 3634 837 3697 debet
858 3634 1031 3709 observari,
1049 3644 1083 3697 et
1102 3635 1236 3716 quando
1258 3654 1323 3697 non
1344 3634 1445 3697 debet
1465 3634 1642 3709 observari,

284 3753 405 3816 dicitur
433 3753 584 3835 epikeya,
613 3764 650 3817 ut
680 3754 826 3817 declarat
853 3755 981 3818 Doctor
1011 3755 1203 3819 Franciscus
1230 3756 1272 3817 de
1299 3754 1456 3832 Maronis
1482 3755 1535 3817 De
1565 3775 1641 3836 pro-

284 3875 390 3938 vincia
419 3875 606 3948 Provinciae,
633 3875 664 3937 in
692 3875 775 3938 libro
798 3897 859 3939 suo
884 3876 937 3939 De
960 3876 1137 3939 virtutibus
1163 3875 1350 3939 moralibus.
1397 3875 1568 3939 Provincia
1591 3883 1642 3940 est

285 4015 406 4058 nomen
422 3997 589 4079 proprium
606 3997 702 4059 unius
717 3997 902 4079 provinciae.
949 3998 1019 4061 Isto
1038 4000 1139 4061 modo
1157 3997 1309 4060 solebant
1328 3998 1433 4060 saneti
1449 4007 1559 4078 patres
1574 3998 1640 4061 dis-

284 4137 423 4198 pensare
443 4138 500 4181 scu
525 4117 705 4196 licenciare,
724 4118 813 4201 quod
836 4119 923 4181 idem
943 4129 1001 4193 est,
1022 4138 1066 4181 sc.
1087 4118 1245 4199 judicare,
1261 4118 1431 4199 quomodo
1451 4127 1484 4181 et
1505 4118 1641 4199 quando

284 4238 474 4310 observacio
496 4239 577 4320 legis
598 4239 752 4304 humanae
773 4240 913 4322 seriptae,
933 4262 990 4304 seu
1013 4240 1171 4321 positivae,
1188 4240 1296 4303 tendit
1318 4241 1350 4302 in
1372 4250 1588 4321 augmentum
1606 4247 1641 4303 et
