3818 4904
292 404 310 463 8
671 411 770 463 LOCI
794 411 824 462 E
853 411 976 463 ΗΜΘ
1013 412 1269 466 VERITATUM.

290 628 344 690 vel
373 627 474 689 nimia
507 625 757 708 importunitate
786 625 932 701 vincitur,
964 634 999 688 ut
1035 635 1175 689 testatur
1208 625 1350 690 Sanctus
1387 627 1572 690 Bernardus
1607 628 1639 690 in

290 747 430 831 epistola
459 746 617 828 praedicta
646 766 720 826 quae
751 745 875 827 incipit,
903 746 950 807 ‘si
981 765 1129 808 maneres
1159 748 1192 809 in
1223 743 1378 810 caritate’
1433 747 1520 810 Novi
1552 747 1638 811 enim

290 868 423 950 quando
453 888 540 950 papa
571 867 751 943 Romanus,
778 867 879 929 nimia
909 866 1158 948 importunitate
1189 867 1385 930 instancium'
1415 888 1474 950 pro
1504 867 1639 933 licencia

288 989 443 1053 habenda
455 988 622 1070 fatigatus,
635 987 720 1050 dixit
735 987 927 1064 astantibus,
940 988 1000 1050 ‘ad
1016 987 1185 1050 diabolum
1199 987 1256 1050 liat
1272 997 1308 1051 ut
1323 985 1463 1070 petitur,'
1476 1000 1509 1053 et
1525 992 1638 1053 statim

290 1131 335 1173 ex
357 1109 416 1174 tali
440 1109 650 1173 concessione
674 1117 807 1171 extorta
836 1107 937 1171 fiebat
959 1108 1047 1171 bella
1070 1104 1141 1192 (sic)
1164 1108 1291 1189 papalis
1317 1109 1467 1190 sigillata,
1493 1119 1526 1172 et
1553 1111 1637 1191 epis-

288 1250 391 1312 copus
420 1229 477 1311 qui
508 1229 551 1290 ibi
583 1228 727 1292 interfuit
758 1239 791 1291 et
821 1228 902 1290 vidit
935 1227 1015 1290 mihi
1045 1229 1171 1292 doctori
1207 1230 1431 1292 testimonium
1462 1230 1636 1312 perhibuit.

290 1350 321 1414 O
347 1349 455 1432 qualis
485 1358 536 1412 est
567 1348 630 1411 ista
659 1348 783 1412 vocalis
811 1349 997 1412 concessio!
1044 1348 1226 1430 Nunquam
1255 1349 1331 1411 talis
1360 1351 1525 1413 concessio
1556 1350 1637 1432 ligat

288 1471 409 1544 Deum,
433 1479 469 1532 ut
492 1477 606 1532 contra
625 1468 748 1549 judicia
771 1490 829 1531 sua
851 1467 949 1532 iaciat
968 1468 1147 1549 justificata
1173 1469 1206 1530 in
1233 1469 1427 1551 semetipsis,
1449 1469 1547 1553 plane
1570 1490 1636 1533 non

287 1599 406 1673 potest.

373 1719 410 1786 [p.
432 1719 499 1783 111.]
545 1719 688 1773 Bellum.
734 1708 836 1772 Anno
860 1709 919 1773 Xti
946 1708 1025 1788 Jesu
1053 1706 1135 1786 1456
1161 1707 1224 1771 suit
1253 1708 1377 1771 bellum
1408 1711 1472 1773 Dei
1503 1720 1536 1774 et
1566 1710 1636 1792 ejus

285 1831 421 1895 victoria
452 1839 586 1894 ostensa
623 1831 655 1893 in
688 1831 801 1911 paucis
835 1829 968 1891 Xtianis
999 1828 1033 1890 in
1063 1847 1165 1909 regno
1195 1828 1378 1912 Hungariae
1411 1831 1636 1913 pugnantibus

285 1951 330 2013 ibi
361 1960 475 2014 contra
504 1951 682 2014 maledicos
712 1947 838 2012 Tuscos
867 1958 901 2012 et
931 1968 1043 2012 eorum
1076 1948 1317 2030 imperatorem,
1347 1951 1404 2032 qui
1433 1960 1512 2014 ante
1541 1951 1634 2015 illum

285 2090 407 2133 annum
432 2070 550 2133 invasit
578 2079 612 2133 et
638 2069 781 2132 obtinuit
807 2069 973 2132 civitatem
999 2067 1334 2151 Constantinopolim,
1355 2071 1434 2151 quia
1456 2071 1635 2153 imperator

284 2190 487 2266 intendebat,
510 2201 547 2253 ut
576 2190 672 2264 dixit,
696 2188 806 2253 delere
831 2208 953 2250 nomen
979 2188 1058 2268 Jesu
1087 2189 1147 2251 Xti
1177 2189 1238 2251 sub
1265 2188 1361 2265 coelo,
1384 2190 1462 2273 quia
1488 2191 1573 2254 clam
1600 2201 1634 2254 et

283 2309 403 2374 furtive
429 2311 562 2374 intravit
589 2330 648 2391 per
671 2330 762 2372 mare
785 2309 819 2371 in
842 2308 1042 2386 Danubium,
1064 2308 1200 2372 fluvium
1227 2330 1393 2392 magnum,
1418 2323 1452 2375 et
1476 2311 1509 2373 in
1536 2321 1634 2375 nocte

282 2443 362 2497 ante
377 2432 523 2515 vigiliam
541 2432 655 2494 Beatae
672 2429 788 2493 Mariae
810 2428 1030 2511 Magdalenae.
1077 2428 1230 2492 Dimissis
1248 2430 1352 2511 galeis
1370 2431 1436 2493 suis
1458 2432 1491 2493 in
1511 2452 1633 2514 aquam

284 2551 485 2628 Danubium,
509 2552 642 2616 intravit
667 2551 701 2613 in
732 2569 870 2632 regnum
903 2549 1083 2631 Hungariae
1110 2570 1185 2613 cum
1212 2571 1272 2613 suo
1303 2552 1449 2614 exercitu
1481 2552 1570 2615 malo
1600 2561 1634 2616 et

268 2660 413 2755 magno,
429 2682 463 2735 et
481 2672 570 2736 iacto
588 2672 633 2734 ibi
654 2670 777 2733 insultu
797 2691 858 2733 suo
878 2678 992 2732 contra
1007 2678 1150 2733 castrum
1165 2679 1320 2734 vocatum
1336 2670 1458 2734 Altum
1473 2670 1631 2750 Gradum,

283 2801 317 2856 et
339 2801 454 2856 contra
476 2792 588 2856 villam
616 2793 645 2855 ei
672 2811 840 2855 annexam
863 2799 1016 2853 vocatam
1041 2790 1112 2854 Cris
1135 2790 1377 2875 Wissenberge,
1399 2793 1449 2856 i.e.
1472 2793 1532 2856 Xti
1555 2793 1632 2858 alba

281 2912 370 2988 villa,
390 2914 583 2996 pugnabant
606 2913 638 2975 in
661 2912 774 2995 vigilia
796 2923 830 2975 et
853 2909 993 2974 infesto
1016 2919 1140 2974 sanctae
1163 2922 1197 2974 et
1218 2911 1326 2976 beatae
1350 2912 1466 2976 Mariae
1490 2913 1631 2996 Magda-

281 3033 366 3096 lenae
389 3054 464 3097 cum
487 3042 545 3111 40⁸
564 3034 708 3096 millibus
732 3033 865 3095 Xtianis
887 3032 930 3095 de
954 3031 1123 3113 Hungaria
1147 3033 1347 3097 exeuntibus
1369 3044 1465 3097 extra
1487 3045 1631 3099 castrum

281 3156 477 3237 praedictum
498 3164 532 3218 et
551 3154 674 3232 villam,
688 3174 819 3236 semper
833 3152 901 3216 alta
916 3172 996 3215 voce
1014 3152 1233 3216 clamantibus
1248 3154 1364 3234 jesus!
1383 3154 1497 3234 Jesusl
1515 3155 1631 3237 Jesusl

280 3275 418 3340 doctore
446 3275 599 3357 Johanne
630 3276 673 3339 de
704 3274 900 3356 Capistrano
934 3273 1057 3336 ordinis
1091 3274 1197 3338 sancti
1232 3275 1397 3340 Francisci
1432 3277 1632 3358 precedente

281 3395 424 3461 Xtianos
446 3418 522 3461 cum
546 3417 666 3480 magna
688 3416 783 3460 cruce
805 3404 839 3458 et
862 3394 1026 3458 clamante
1048 3405 1083 3458 et
1106 3395 1210 3458 eciam
1232 3394 1375 3460 faciente
1397 3395 1541 3461 Xtianos
1563 3397 1632 3462 alte

280 3519 422 3583 clamare
451 3518 567 3600 Jesusl
601 3517 715 3599 Jesusl
749 3516 862 3598 Jesusl
895 3514 1058 3579 continuis
1087 3516 1231 3593 vocibus,
1263 3536 1329 3599 quo
1359 3516 1457 3594 iacto,
1486 3517 1567 3597 viso,
1596 3527 1630 3583 et

278 3640 393 3704 audito
412 3660 433 3703 a
454 3638 588 3722 perfidis
605 3638 721 3703 Turcis
740 3637 887 3720 paganis,
903 3636 1063 3718 percussit
1084 3657 1140 3700 eos
1160 3636 1254 3705 Deus
1275 3648 1309 3701 et
1329 3658 1443 3701 eorum
1466 3638 1629 3721 perfidum

279 3759 512 3842 imperatorem
543 3767 638 3823 tanto
663 3759 782 3822 timore
805 3767 839 3821 et
864 3757 998 3820 horrore
1022 3758 1112 3839 quod
1136 3757 1302 3840 fugierunt
1325 3779 1346 3822 a
1370 3757 1453 3822 facie
1476 3758 1563 3838 Dei3
1596 3769 1630 3823 et

278 3881 438 3963 praedicta
467 3881 535 3958 40²·
563 3880 666 3943 millia
703 3878 902 3942 Xtianorum
938 3878 1128 3942 occiderunt
1164 3880 1206 3943 de
1241 3878 1305 3943 illis
1340 3879 1457 3944 Turcis
1492 3881 1631 3963 paganis

281 4011 414 4065 centum
445 4000 548 4065 millia
579 4010 613 4065 et
642 3998 709 4080 50‘a
734 3999 846 4074 millia,
874 3999 980 4082 captis
1011 4019 1124 4063 eorum
1155 4000 1287 4090 magnis
1314 4000 1440 4064 diviciis
1466 4020 1565 4065 manu
1596 4011 1631 4067 et

279 4120 405 4187 auxilio
425 4123 491 4185 Dei
513 4121 759 4205 omnipotentis,
774 4129 812 4184 ut
833 4129 975 4184 testatur
996 4120 1029 4183 in
1051 4120 1163 4198 literis,
1178 4120 1286 4202 sigillo
1307 4142 1472 4185 armorum
1496 4143 1629 4186 suorum

280 4241 440 4325 sigillatis,
477 4245 669 4326 capitaneus
709 4242 795 4306 illius
831 4241 910 4306 belli
954 4241 1151 4306 Xtianorum
1190 4241 1344 4306 dominus
1381 4242 1551 4324 Johannes
1587 4245 1631 4308 de
