3818 4904
293 420 335 483 42
671 413 769 468 LOCI
795 414 824 466 E
852 413 977 469 LIBRO
1013 415 1269 472 VERITATr·.u.

295 626 485 709 episcopum
501 624 629 702 Sarum,
643 625 846 690 Willelmum
859 628 964 703 Askn,
977 639 1009 692 et
1022 631 1181 712 persecuti
1199 639 1273 692 sunt
1290 628 1480 711 episcopum
1498 628 1643 707 Cestriae,

296 746 406 810 Buthe
422 747 563 822 nomine,
584 755 617 810 et
633 747 823 830 episcopum
845 750 1100 826 Norwicensem,
1116 749 1302 813 Walterum
1319 749 1433 831 Lyart‚
1449 758 1482 812 et
1504 759 1644 814 rectores

295 876 329 930 et
351 867 490 930 vicarios
517 868 663 930 diversos
690 869 722 931 in
751 867 884 944 Cancia,
909 879 943 933 et
969 868 1069 951 juxta
1100 870 1220 935 Sarum
1247 878 1280 932 et
1309 869 1540 951 Hungyrsorth
1568 891 1643 952 spo-

294 985 476 1065 liaverunt;
500 997 534 1051 et
549 988 666 1050 eodem
689 1008 776 1051 anno
792 989 925 1053 intravit
941 989 1012 1052 dux
1029 990 1170 1053 Eboraci
1187 990 1219 1052 in
1235 988 1395 1070 Angliam
1411 990 1454 1052 ab
1472 989 1643 1066 Hibernia,

295 1107 329 1170 in
351 1128 417 1189 qua
439 1117 518 1171 tunc
540 1106 655 1183 luerat,
672 1117 785 1171 contra
807 1109 1011 1172 voluntatem
1034 1130 1137 1184 suam,
1154 1131 1199 1172 ex
1224 1109 1382 1173 mandato
1406 1109 1490 1192 regis
1509 1108 1643 1191 Angliae

295 1225 433 1292 Henrici
459 1225 566 1305 Sexti,
581 1238 615 1292 et
637 1248 747 1291 revera
772 1250 816 1292 ex
834 1251 901 1312 quo
925 1230 1102 1312 praedictus
1119 1231 1292 1313 episcopus
1314 1230 1517 1313 Reginaldus
1534 1230 1644 1294 Pecok

295 1357 329 1412 et
344 1347 398 1411 alii
415 1347 559 1430 episcopi
575 1369 634 1431 per
649 1369 760 1431 regem
777 1349 936 1413 intrantes
952 1352 1117 1425 dixerunt,
1137 1350 1225 1432 quod
1242 1351 1386 1433 episcopi
1404 1371 1471 1413 non
1491 1360 1645 1415 tenentur

293 1467 473 1552 praedicare
496 1488 556 1550 per
575 1468 700 1552 seipsos
722 1469 886 1546 vocaliter,
909 1470 1001 1533 Deus
1021 1470 1232 1552 omnipotens
1252 1471 1441 1553 praedicavit
1465 1470 1498 1532 in
1518 1463 1646 1553 Anglia

295 1587 433 1667 realiter,
456 1589 624 1672 puniendo
654 1588 784 1653 realiter
810 1599 843 1653 et
873 1592 980 1671 puniri
1006 1591 1230 1673 permittendo
1255 1591 1428 1674 episcopos
1454 1590 1487 1654 in
1510 1590 1644 1674 Anglia,

293 1730 434 1792 quorum
451 1711 568 1774 diversi
592 1711 626 1774 in
640 1709 766 1793 Anglia
788 1711 887 1775 occisi
910 1720 986 1775 sunt
1010 1732 1097 1776 anno
1121 1711 1258 1775 Domini
1278 1724 1369 1793 1450,
1383 1712 1485 1795 aliqui
1502 1722 1644 1776 mortem

292 1830 415 1894 cotidie
430 1839 508 1894 tunc
524 1839 791 1913 expectaverunt,
809 1841 842 1895 et
858 1831 958 1914 aliqui
974 1833 1017 1894 de
1039 1832 1135 1896 bonis
1158 1832 1224 1895 suis
1247 1832 1382 1895 terrenis
1404 1831 1536 1914 spoliati
1556 1842 1643 1908 sunt,

294 1960 329 2015 et
344 1952 464 2015 domus
482 1971 595 2015 eorum
613 1952 791 2015 destructae
810 1963 843 2016 et
863 1953 905 2014 ad
922 1961 1045 2015 terram
1060 1951 1217 2034 projectae
1232 1953 1372 2016 suerunt.
1411 1953 1540 2016 Eodem
1556 1973 1644 2016 anno

294 2082 328 2136 et
353 2070 481 2153 legistae
511 2071 621 2154 cupidi
647 2091 723 2135 curn
756 2072 803 2134 eis
836 2082 1009 2136 manentes
1036 2072 1133 2136 occisi
1158 2072 1297 2150 fuerunt,
1324 2083 1359 2136 et
1384 2073 1583 2151 incarcerati,
1611 2081 1644 2136 et

293 2193 337 2256 de
358 2191 454 2256 bonis
476 2191 628 2274 spoliati3
652 2201 686 2255 et
708 2212 795 2255 anno
812 2192 949 2255 Domini
969 2206 1050 2274 1450
1065 2193 1152 2256 dixit
1175 2192 1275 2256 michi
1298 2192 1460 2274 Magister
1474 2190 1644 2274 Johannes

295 2311 434 2395 Horley‚
458 2312 647 2394 capellanus
672 2312 820 2394 praedicti
848 2313 992 2395 episcopi
1018 2313 1194 2395 Reginaldi
1219 2312 1337 2390 Pecok,
1357 2313 1447 2395 quod
1471 2315 1644 2396 episcopus

294 2444 344 2498 est
362 2432 432 2515 jam
454 2433 547 2497 istius
563 2432 639 2496 fidei
655 2433 759 2496 firmae
774 2433 863 2516 quod
884 2433 1030 2515 episcopi
1046 2443 1199 2497 tenentur
1214 2432 1391 2516 praedicare
1406 2433 1569 2510 vocaliter,
1586 2435 1644 2497 sed

293 2575 360 2618 non
390 2545 545 2618 tenentur
575 2554 753 2636 praedicare
791 2554 891 2618 modo
927 2555 1057 2631 usitato,
1088 2562 1121 2617 et
1152 2553 1234 2616 infra
1263 2554 1422 2617 ducentos
1452 2575 1557 2618 annos
1586 2575 1645 2637 per

293 2675 440 2740 novellos
467 2676 700 2758 praedicatores
722 2675 865 2754 inducto,
889 2697 933 2740 sc.
956 2676 1150 2759 accipiendo
1176 2675 1291 2740 thema
1317 2685 1350 2738 et
1375 2677 1424 2739 uti
1451 2675 1644 2740 induccione

285 2796 450 2863 thematis
466 2816 525 2878 per
547 2796 771 2860 narracionem
788 2797 945 2871 materiae,
962 2817 1037 2878 quae
1059 2795 1226 2859 concludit
1241 2795 1342 2864 verba
1359 2793 1516 2859 thematis
1540 2796 1643 2878 repeti

293 2928 327 2983 et
339 2919 476 2993 recitari,
490 2926 523 2981 et
535 2927 612 2982 tunc
625 2918 802 2981 divisiones
811 2917 926 2995 facere,
935 2939 1002 3001 quo
1013 2919 1113 2982 modo
1124 2917 1251 2999 antiqui
1264 2918 1368 2980 sancti
1382 2937 1447 2980 non
1459 2916 1643 2997 utebantur,

292 3049 331 3103 ut
345 3048 439 3122 patet
455 3039 487 3101 in
504 3039 708 3102 sermonibus
725 3048 758 3103 et
777 3039 809 3102 in
825 3039 953 3103 omeliis
970 3038 1083 3104 Sancti
1099 3037 1279 3121 Augustini
1296 3047 1330 3102 et
1346 3036 1460 3102 Sancti
1476 3036 1644 3117 Bernardi,

292 3162 349 3246 qui
364 3161 589 3244 praedicabant
601 3160 689 3224 clero
700 3170 734 3224 et
750 3159 874 3243 populo
886 3152 1088 3243 postillando
1101 3170 1134 3225 et
1147 3157 1347 3240 exponendo
1359 3168 1491 3222 textum
1506 3157 1645 3240 alicujus

293 3282 436 3367 apostoli
472 3282 653 3346 secundum
691 3282 842 3345 ordinem
881 3291 994 3345 textus
1028 3291 1062 3344 et
1096 3279 1275 3362 aliquando
1313 3278 1545 3362 praedicabant,
1577 3298 1643 3343 non

293 3403 503 3490 postilland0,
530 3424 590 3467 nec
617 3399 817 3486 exponendo
847 3411 978 3467 textum
1008 3401 1144 3483 alicujus
1174 3398 1318 3483 capituli,
1346 3401 1405 3462 sed
1435 3397 1642 3473 declarando,

293 3528 428 3612 quando
461 3525 683 3602 declarabant,
713 3523 867 3587 articulos
897 3524 1101 3605 pertinentes
1131 3520 1196 3585 illis
1225 3519 1378 3598 materiis,
1404 3540 1487 3600 quas
1517 3519 1644 3601 absque

291 3650 404 3733 aliquo
434 3647 583 3712 themate
609 3646 839 3729 proponebant
868 3664 979 3709 coram
1006 3644 1094 3708 clero
1116 3664 1173 3706 seu
1196 3641 1319 3724 populo
1346 3638 1561 3705 declarandas
1585 3659 1645 3722 per

292 3773 457 3836 racionem
475 3779 508 3833 et
523 3789 582 3851 per
596 3769 800 3850 scripturam.

378 3900 414 3968 [p.
430 3899 500 3966 406]
546 3888 601 3954 Sic
628 3908 715 3952 anno
739 3887 873 3950 Domini
899 3899 990 3966 1450,
1005 3885 1140 3967 quando
1162 3882 1306 3948 surrexit
1328 3881 1549 3946 communitas
1570 3879 1644 3942 An·

291 4012 368 4096 gliae
389 4012 421 4075 in
441 4010 577 4075 diversis
599 4008 679 4073 locis
698 4018 814 4073 contra
839 4004 1086 4084 ecclesiasticos,
1102 3991 1266 4088 praecipue
1283 4004 1445 4067 Ricardus
1469 4001 1643 4085 episcopus

293 4131 422 4207 Sarum,
444 4142 477 4196 et
502 4130 679 4206 Gilbertus,
695 4131 840 4194 decanus
862 4127 947 4192 illius
969 4126 1116 4192 ecclesiae
1140 4128 1182 4190 de
1205 4124 1334 4203 Sarum,
1356 4134 1390 4188 et
1416 4123 1471 4189 alii
1498 4142 1573 4187 cum
1596 4123 1643 4185 eis

292 4253 458 4329 dixerunt,
474 4252 529 4318 ‘Si
545 4252 776 4335 praedicatores
792 4271 858 4316 non
874 4249 1020 4325 luissent,
1036 4247 1188 4312 homines
1207 4266 1273 4311 non
1294 4245 1514 4313 surrexissent
1529 4252 1643 4308 contra
