<?xml version="1.0" encoding="UTF-8"?>
<!DOCTYPE html PUBLIC "-//W3C//DTD XHTML 1.0 Transitional//EN"
    "http://www.w3.org/TR/xhtml1/DTD/xhtml1-transitional.dtd">
<html xmlns="http://www.w3.org/1999/xhtml" xml:lang="en" lang="en">
 <head>
  <title>
</title>
<meta http-equiv="Content-Type" content="text/html;charset=utf-8" />
  <meta name='ocr-system' content='tesseract 3.04.00' />
  <meta name='ocr-capabilities' content='ocr_page ocr_carea ocr_par ocr_line ocrx_word'/>
</head>
<body>
  <div class='ocr_page' id='page_1' title='image "./locielibroverit00gascgoog/locielibroverit00gascgoog_0302.png"; bbox 0 0 3818 4904; ppageno 0'>
   <div class='ocr_carea' id='block_1_1' title="bbox 666 436 1641 497">
    <p class='ocr_par' dir='ltr' id='par_1_1' title="bbox 666 436 1641 497">
     <span class='ocr_line' id='line_1_1' title="bbox 666 436 1641 497; baseline -0.001 -7"><span class='ocrx_word' id='word_1_1' title='bbox 666 436 768 491; x_wconf 88' lang='lat' dir='ltr'><em>LOCI</em></span> <span class='ocrx_word' id='word_1_2' title='bbox 792 438 822 491; x_wconf 88' lang='lat' dir='ltr'><em>E</em></span> <span class='ocrx_word' id='word_1_3' title='bbox 849 438 975 493; x_wconf 89' lang='lat' dir='ltr'><em>LIBRO</em></span> <span class='ocrx_word' id='word_1_4' title='bbox 1009 439 1268 497; x_wconf 81' lang='lat' dir='ltr'><em>VERITATUM.</em></span> <span class='ocrx_word' id='word_1_5' title='bbox 1582 443 1641 490; x_wconf 87' lang='lat'>201</span> 
     </span>
    </p>
   </div>
   <div class='ocr_carea' id='block_1_2' title="bbox 290 653 1648 2788">
    <p class='ocr_par' dir='ltr' id='par_1_2' title="bbox 290 653 1648 1459">
     <span class='ocr_line' id='line_1_2' title="bbox 290 653 1644 738; baseline 0.001 -22"><span class='ocrx_word' id='word_1_6' title='bbox 290 653 440 719; x_wconf 81' lang='lat' dir='ltr'>lecerunt</span> <span class='ocrx_word' id='word_1_7' title='bbox 464 654 542 736; x_wconf 88' lang='lat' dir='ltr'>quia</span> <span class='ocrx_word' id='word_1_8' title='bbox 565 654 679 732; x_wconf 74' lang='lat' dir='ltr'>bonos</span> <span class='ocrx_word' id='word_1_9' title='bbox 701 667 841 736; x_wconf 89' lang='lat' dir='ltr'>sanctos,</span> <span class='ocrx_word' id='word_1_10' title='bbox 865 667 899 722; x_wconf 88' lang='lat' dir='ltr'>et</span> <span class='ocrx_word' id='word_1_11' title='bbox 921 657 1063 722; x_wconf 89' lang='lat' dir='ltr'>scientes</span> <span class='ocrx_word' id='word_1_12' title='bbox 1089 658 1310 734; x_wconf 90' lang='lat' dir='ltr'>excluserunt,</span> <span class='ocrx_word' id='word_1_13' title='bbox 1334 677 1376 720; x_wconf 91' lang='lat' dir='ltr'>ne</span> <span class='ocrx_word' id='word_1_14' title='bbox 1402 665 1513 720; x_wconf 88' lang='lat' dir='ltr'>essent</span> <span class='ocrx_word' id='word_1_15' title='bbox 1534 655 1644 738; x_wconf 93' lang='lat' dir='ltr'>ponti·</span> 
     </span>
     <span class='ocr_line' id='line_1_3' title="bbox 292 774 1644 861; baseline 0.001 -23"><span class='ocrx_word' id='word_1_16' title='bbox 292 774 377 853; x_wconf 83' lang='lat' dir='ltr'>lices,</span> <span class='ocrx_word' id='word_1_17' title='bbox 401 796 442 839; x_wconf 91' lang='lat' dir='ltr'>ne</span> <span class='ocrx_word' id='word_1_18' title='bbox 464 775 582 858; x_wconf 93' lang='lat' dir='ltr'>aliquis</span> <span class='ocrx_word' id='word_1_19' title='bbox 605 796 718 839; x_wconf 86' lang='lat' dir='ltr'>eorum</span> <span class='ocrx_word' id='word_1_20' title='bbox 742 777 866 841; x_wconf 90' lang='lat' dir='ltr'>ibidem</span> <span class='ocrx_word' id='word_1_21' title='bbox 888 777 1050 861; x_wconf 83' lang='lat' dir='ltr'>pontifex,</span> <span class='ocrx_word' id='word_1_22' title='bbox 1075 787 1110 842; x_wconf 90' lang='lat' dir='ltr'>et</span> <span class='ocrx_word' id='word_1_23' title='bbox 1131 777 1195 843; x_wconf 95' lang='lat' dir='ltr'>hoc</span> <span class='ocrx_word' id='word_1_24' title='bbox 1217 787 1255 842; x_wconf 91' lang='lat' dir='ltr'>ut</span> <span class='ocrx_word' id='word_1_25' title='bbox 1277 778 1318 842; x_wconf 92' lang='lat' dir='ltr'>lis</span> <span class='ocrx_word' id='word_1_26' title='bbox 1339 776 1518 860; x_wconf 91' lang='lat' dir='ltr'>corporalis</span> <span class='ocrx_word' id='word_1_27' title='bbox 1541 776 1644 840; x_wconf 89' lang='lat' dir='ltr'>evita·</span> 
     </span>
     <span class='ocr_line' id='line_1_4' title="bbox 292 872 1646 981; baseline 0.001 -24"><span class='ocrx_word' id='word_1_28' title='bbox 292 904 390 958; x_wconf 91' lang='lat' dir='ltr'>retur.</span> <span class='ocrx_word' id='word_1_29' title='bbox 436 895 532 973; x_wconf 89' lang='lat' dir='ltr'>Item,</span> <span class='ocrx_word' id='word_1_30' title='bbox 559 896 758 961; x_wconf 88' lang='lat' dir='ltr'>detrimenta</span> <span class='ocrx_word' id='word_1_31' title='bbox 775 872 933 981; x_wconf 44' lang='lat' dir='ltr'>&#39;pessima</span> <span class='ocrx_word' id='word_1_32' title='bbox 956 897 1105 962; x_wconf 82' lang='lat' dir='ltr'>lecerunt</span> <span class='ocrx_word' id='word_1_33' title='bbox 1130 900 1192 964; x_wconf 90' lang='lat' dir='ltr'>toti</span> <span class='ocrx_word' id='word_1_34' title='bbox 1223 898 1346 963; x_wconf 88' lang='lat' dir='ltr'>diocesi</span> <span class='ocrx_word' id='word_1_35' title='bbox 1374 895 1576 971; x_wconf 91' lang='lat' dir='ltr'>Menevensi,</span> <span class='ocrx_word' id='word_1_36' title='bbox 1604 915 1646 959; x_wconf 90' lang='lat' dir='ltr'>eo</span> 
     </span>
     <span class='ocr_line' id='line_1_5' title="bbox 293 1015 1648 1101; baseline 0.001 -23"><span class='ocrx_word' id='word_1_37' title='bbox 293 1015 382 1096; x_wconf 95' lang='lat' dir='ltr'>quod</span> <span class='ocrx_word' id='word_1_38' title='bbox 405 1015 508 1078; x_wconf 91' lang='lat' dir='ltr'>talem</span> <span class='ocrx_word' id='word_1_39' title='bbox 531 1016 723 1099; x_wconf 91' lang='lat' dir='ltr'>episcopum</span> <span class='ocrx_word' id='word_1_40' title='bbox 745 1018 792 1081; x_wconf 91' lang='lat' dir='ltr'>eis</span> <span class='ocrx_word' id='word_1_41' title='bbox 814 1018 958 1082; x_wconf 93' lang='lat' dir='ltr'>ordinari</span> <span class='ocrx_word' id='word_1_42' title='bbox 981 1028 1246 1101; x_wconf 87' lang='lat' dir='ltr'>procuraverunt,</span> <span class='ocrx_word' id='word_1_43' title='bbox 1261 1018 1318 1101; x_wconf 95' lang='lat' dir='ltr'>qui</span> <span class='ocrx_word' id='word_1_44' title='bbox 1340 1038 1401 1082; x_wconf 91' lang='lat' dir='ltr'>nec</span> <span class='ocrx_word' id='word_1_45' title='bbox 1424 1017 1512 1080; x_wconf 87' lang='lat' dir='ltr'>mala</span> <span class='ocrx_word' id='word_1_46' title='bbox 1533 1015 1648 1080; x_wconf 91' lang='lat' dir='ltr'>debite</span> 
     </span>
     <span class='ocr_line' id='line_1_6' title="bbox 292 1135 1645 1221; baseline 0.001 -23"><span class='ocrx_word' id='word_1_47' title='bbox 292 1135 473 1199; x_wconf 86' lang='lat' dir='ltr'>eradicaret</span> <span class='ocrx_word' id='word_1_48' title='bbox 504 1156 564 1200; x_wconf 93' lang='lat' dir='ltr'>nec</span> <span class='ocrx_word' id='word_1_49' title='bbox 596 1136 710 1201; x_wconf 91' lang='lat' dir='ltr'>debita</span> <span class='ocrx_word' id='word_1_50' title='bbox 742 1159 845 1220; x_wconf 90' lang='lat' dir='ltr'>opera</span> <span class='ocrx_word' id='word_1_51' title='bbox 876 1138 1050 1220; x_wconf 86' lang='lat' dir='ltr'>plantaret.</span> <span class='ocrx_word' id='word_1_52' title='bbox 1108 1139 1204 1218; x_wconf 86' lang='lat' dir='ltr'>Item,</span> <span class='ocrx_word' id='word_1_53' title='bbox 1234 1138 1428 1221; x_wconf 90' lang='lat' dir='ltr'>exemplum</span> <span class='ocrx_word' id='word_1_54' title='bbox 1463 1137 1645 1219; x_wconf 91' lang='lat' dir='ltr'>pessimum</span> 
     </span>
     <span class='ocr_line' id='line_1_7' title="bbox 291 1256 1645 1339; baseline 0.001 -21"><span class='ocrx_word' id='word_1_55' title='bbox 291 1256 359 1318; x_wconf 91' lang='lat' dir='ltr'>suis</span> <span class='ocrx_word' id='word_1_56' title='bbox 389 1257 530 1337; x_wconf 90' lang='lat' dir='ltr'>posteris</span> <span class='ocrx_word' id='word_1_57' title='bbox 556 1256 746 1339; x_wconf 90' lang='lat' dir='ltr'>relinquunt</span> <span class='ocrx_word' id='word_1_58' title='bbox 776 1269 813 1322; x_wconf 92' lang='lat' dir='ltr'>ut</span> <span class='ocrx_word' id='word_1_59' title='bbox 843 1259 1057 1323; x_wconf 89' lang='lat' dir='ltr'>consimiliter</span> <span class='ocrx_word' id='word_1_60' title='bbox 1086 1260 1172 1324; x_wconf 92' lang='lat' dir='ltr'>male</span> <span class='ocrx_word' id='word_1_61' title='bbox 1200 1260 1345 1325; x_wconf 83' lang='lat' dir='ltr'>facerent</span> <span class='ocrx_word' id='word_1_62' title='bbox 1374 1258 1555 1324; x_wconf 92' lang='lat' dir='ltr'>secundum</span> <span class='ocrx_word' id='word_1_63' title='bbox 1586 1277 1645 1320; x_wconf 92' lang='lat' dir='ltr'>ex·</span> 
     </span>
     <span class='ocr_line' id='line_1_8' title="bbox 291 1375 580 1459; baseline -0.003 -19"><span class='ocrx_word' id='word_1_64' title='bbox 291 1375 402 1459; x_wconf 91' lang='lat' dir='ltr'>empla</span> <span class='ocrx_word' id='word_1_65' title='bbox 425 1376 580 1457; x_wconf 86' lang='lat' dir='ltr'>priorum.</span> 
     </span>
    </p>

    <p class='ocr_par' dir='ltr' id='par_1_3' title="bbox 290 1498 1646 2788">
     <span class='ocr_line' id='line_1_9' title="bbox 378 1498 1646 1582; baseline 0.005 -28"><span class='ocrx_word' id='word_1_66' title='bbox 378 1506 415 1574; x_wconf 78' lang='lat' dir='ltr'>[p.</span> <span class='ocrx_word' id='word_1_67' title='bbox 440 1504 510 1572; x_wconf 71' lang='lat'>5⁶7]</span> <span class='ocrx_word' id='word_1_68' title='bbox 553 1504 690 1560; x_wconf 84' lang='lat' dir='ltr'>Rootor.</span> <span class='ocrx_word' id='word_1_69' title='bbox 746 1498 834 1561; x_wconf 91' lang='lat' dir='ltr'>Novi</span> <span class='ocrx_word' id='word_1_70' title='bbox 865 1499 953 1562; x_wconf 92' lang='lat' dir='ltr'>enirn</span> <span class='ocrx_word' id='word_1_71' title='bbox 979 1499 1050 1582; x_wconf 89' lang='lat' dir='ltr'>jam</span> <span class='ocrx_word' id='word_1_72' title='bbox 1082 1498 1116 1563; x_wconf 92' lang='lat' dir='ltr'>in</span> <span class='ocrx_word' id='word_1_73' title='bbox 1148 1499 1285 1564; x_wconf 88' lang='lat' dir='ltr'>ecclesia</span> <span class='ocrx_word' id='word_1_74' title='bbox 1313 1499 1412 1564; x_wconf 89' lang='lat' dir='ltr'>valde</span> <span class='ocrx_word' id='word_1_75' title='bbox 1441 1499 1582 1563; x_wconf 92' lang='lat' dir='ltr'>viciosos</span> <span class='ocrx_word' id='word_1_76' title='bbox 1611 1506 1646 1561; x_wconf 93' lang='lat' dir='ltr'>et</span> 
     </span>
     <span class='ocr_line' id='line_1_10' title="bbox 291 1616 1646 1703; baseline 0.001 -24"><span class='ocrx_word' id='word_1_77' title='bbox 291 1616 400 1681; x_wconf 86' lang='lat' dir='ltr'>fatuos</span> <span class='ocrx_word' id='word_1_78' title='bbox 420 1639 465 1680; x_wconf 90' lang='lat' dir='ltr'>ex</span> <span class='ocrx_word' id='word_1_79' title='bbox 487 1617 659 1682; x_wconf 89' lang='lat' dir='ltr'>nativitate</span> <span class='ocrx_word' id='word_1_80' title='bbox 679 1617 829 1692; x_wconf 89' lang='lat' dir='ltr'>exaltari,</span> <span class='ocrx_word' id='word_1_81' title='bbox 846 1619 893 1683; x_wconf 88' lang='lat' dir='ltr'>ita</span> <span class='ocrx_word' id='word_1_82' title='bbox 908 1621 998 1701; x_wconf 92' lang='lat' dir='ltr'>quod</span> <span class='ocrx_word' id='word_1_83' title='bbox 1020 1641 1103 1683; x_wconf 92' lang='lat' dir='ltr'>unus</span> <span class='ocrx_word' id='word_1_84' title='bbox 1123 1619 1226 1685; x_wconf 90' lang='lat' dir='ltr'>habet</span> <span class='ocrx_word' id='word_1_85' title='bbox 1245 1629 1375 1703; x_wconf 90' lang='lat' dir='ltr'>septem</span> <span class='ocrx_word' id='word_1_86' title='bbox 1394 1618 1591 1702; x_wconf 87' lang='lat' dir='ltr'>praebendas</span> <span class='ocrx_word' id='word_1_87' title='bbox 1611 1625 1646 1680; x_wconf 94' lang='lat' dir='ltr'>et</span> 
     </span>
     <span class='ocr_line' id='line_1_11' title="bbox 293 1736 1646 1823; baseline 0.001 -24"><span class='ocrx_word' id='word_1_88' title='bbox 293 1757 450 1819; x_wconf 85' lang='lat' dir='ltr'>magnum</span> <span class='ocrx_word' id='word_1_89' title='bbox 462 1736 765 1802; x_wconf 90' lang='lat' dir='ltr'>archidiaconatum</span> <span class='ocrx_word' id='word_1_90' title='bbox 778 1748 910 1803; x_wconf 90' lang='lat' dir='ltr'>centum</span> <span class='ocrx_word' id='word_1_91' title='bbox 927 1740 1090 1818; x_wconf 87' lang='lat' dir='ltr'>librarum,</span> <span class='ocrx_word' id='word_1_92' title='bbox 1104 1751 1137 1805; x_wconf 92' lang='lat' dir='ltr'>et</span> <span class='ocrx_word' id='word_1_93' title='bbox 1153 1761 1322 1823; x_wconf 92' lang='lat' dir='ltr'>nunquam</span> <span class='ocrx_word' id='word_1_94' title='bbox 1334 1761 1393 1823; x_wconf 90' lang='lat' dir='ltr'>per</span> <span class='ocrx_word' id='word_1_95' title='bbox 1402 1740 1529 1822; x_wconf 85' lang='lat' dir='ltr'>viginta</span> <span class='ocrx_word' id='word_1_96' title='bbox 1540 1757 1646 1801; x_wconf 92' lang='lat' dir='ltr'>annos</span> 
     </span>
     <span class='ocr_line' id='line_1_12' title="bbox 290 1857 1644 1943; baseline 0 -23"><span class='ocrx_word' id='word_1_97' title='bbox 290 1857 437 1940; x_wconf 90' lang='lat' dir='ltr'>aliquam</span> <span class='ocrx_word' id='word_1_98' title='bbox 461 1877 573 1921; x_wconf 90' lang='lat' dir='ltr'>earum</span> <span class='ocrx_word' id='word_1_99' title='bbox 596 1858 811 1940; x_wconf 90' lang='lat' dir='ltr'>personaliter</span> <span class='ocrx_word' id='word_1_100' title='bbox 830 1860 997 1938; x_wconf 81' lang='lat' dir='ltr'>visitavit3</span> <span class='ocrx_word' id='word_1_101' title='bbox 1027 1861 1086 1924; x_wconf 93' lang='lat' dir='ltr'>sed</span> <span class='ocrx_word' id='word_1_102' title='bbox 1109 1882 1193 1925; x_wconf 90' lang='lat' dir='ltr'>unus</span> <span class='ocrx_word' id='word_1_103' title='bbox 1214 1863 1272 1941; x_wconf 92' lang='lat' dir='ltr'>vir,</span> <span class='ocrx_word' id='word_1_104' title='bbox 1292 1870 1415 1943; x_wconf 89' lang='lat' dir='ltr'>nuptus</span> <span class='ocrx_word' id='word_1_105' title='bbox 1437 1869 1472 1924; x_wconf 89' lang='lat' dir='ltr'>et</span> <span class='ocrx_word' id='word_1_106' title='bbox 1494 1859 1644 1940; x_wconf 85' lang='lat' dir='ltr'>armiger,</span> 
     </span>
     <span class='ocr_line' id='line_1_13' title="bbox 292 1979 1646 2062; baseline -0.001 -19"><span class='ocrx_word' id='word_1_107' title='bbox 292 1979 405 2043; x_wconf 93' lang='lat' dir='ltr'>omnia</span> <span class='ocrx_word' id='word_1_108' title='bbox 426 1979 515 2042; x_wconf 88' lang='lat' dir='ltr'>bona</span> <span class='ocrx_word' id='word_1_109' title='bbox 535 1979 788 2061; x_wconf 87' lang='lat' dir='ltr'>praebendarum</span> <span class='ocrx_word' id='word_1_110' title='bbox 807 1989 840 2044; x_wconf 93' lang='lat' dir='ltr'>et</span> <span class='ocrx_word' id='word_1_111' title='bbox 862 1979 1147 2046; x_wconf 90' lang='lat' dir='ltr'>archidiaconatus</span> <span class='ocrx_word' id='word_1_112' title='bbox 1171 1981 1258 2046; x_wconf 92' lang='lat' dir='ltr'>illius</span> <span class='ocrx_word' id='word_1_113' title='bbox 1279 1981 1452 2045; x_wconf 88' lang='lat' dir='ltr'>annuatim</span> <span class='ocrx_word' id='word_1_114' title='bbox 1474 1979 1591 2062; x_wconf 92' lang='lat' dir='ltr'>recipit</span> <span class='ocrx_word' id='word_1_115' title='bbox 1611 1987 1646 2042; x_wconf 92' lang='lat' dir='ltr'>et</span> 
     </span>
     <span class='ocr_line' id='line_1_14' title="bbox 292 2099 1646 2185; baseline 0.001 -24"><span class='ocrx_word' id='word_1_116' title='bbox 292 2119 405 2164; x_wconf 90' lang='lat' dir='ltr'>secum</span> <span class='ocrx_word' id='word_1_117' title='bbox 427 2099 547 2163; x_wconf 87' lang='lat' dir='ltr'>retinet</span> <span class='ocrx_word' id='word_1_118' title='bbox 566 2110 600 2164; x_wconf 97' lang='lat' dir='ltr'>et</span> <span class='ocrx_word' id='word_1_119' title='bbox 621 2099 723 2164; x_wconf 91' lang='lat' dir='ltr'>habet</span> <span class='ocrx_word' id='word_1_120' title='bbox 742 2122 792 2163; x_wconf 88' lang='lat' dir='ltr'>xx</span> <span class='ocrx_word' id='word_1_121' title='bbox 808 2100 908 2165; x_wconf 90' lang='lat' dir='ltr'>libras</span> <span class='ocrx_word' id='word_1_122' title='bbox 923 2102 1074 2165; x_wconf 91' lang='lat' dir='ltr'>annualis</span> <span class='ocrx_word' id='word_1_123' title='bbox 1089 2102 1255 2184; x_wconf 91' lang='lat' dir='ltr'>pensionis</span> <span class='ocrx_word' id='word_1_124' title='bbox 1275 2101 1448 2185; x_wconf 83' lang='lat' dir='ltr'>apraefato</span> <span class='ocrx_word' id='word_1_125' title='bbox 1463 2099 1586 2177; x_wconf 89' lang='lat' dir='ltr'>stulto;</span> <span class='ocrx_word' id='word_1_126' title='bbox 1610 2108 1646 2163; x_wconf 91' lang='lat' dir='ltr'>et</span> 
     </span>
     <span class='ocr_line' id='line_1_15' title="bbox 291 2221 1646 2301; baseline -0.001 -17"><span class='ocrx_word' id='word_1_127' title='bbox 291 2221 375 2285; x_wconf 93' lang='lat' dir='ltr'>alius</span> <span class='ocrx_word' id='word_1_128' title='bbox 399 2221 553 2286; x_wconf 90' lang='lat' dir='ltr'>secularis</span> <span class='ocrx_word' id='word_1_129' title='bbox 575 2221 678 2286; x_wconf 92' lang='lat' dir='ltr'>habet</span> <span class='ocrx_word' id='word_1_130' title='bbox 701 2244 725 2286; x_wconf 88' lang='lat' dir='ltr'>x</span> <span class='ocrx_word' id='word_1_131' title='bbox 748 2222 858 2298; x_wconf 90' lang='lat' dir='ltr'>libras,</span> <span class='ocrx_word' id='word_1_132' title='bbox 875 2232 909 2287; x_wconf 92' lang='lat' dir='ltr'>et</span> <span class='ocrx_word' id='word_1_133' title='bbox 929 2223 1012 2286; x_wconf 89' lang='lat' dir='ltr'>alius</span> <span class='ocrx_word' id='word_1_134' title='bbox 1034 2223 1189 2288; x_wconf 88' lang='lat' dir='ltr'>secularis</span> <span class='ocrx_word' id='word_1_135' title='bbox 1210 2222 1313 2288; x_wconf 92' lang='lat' dir='ltr'>habet</span> <span class='ocrx_word' id='word_1_136' title='bbox 1332 2244 1358 2286; x_wconf 88' lang='lat' dir='ltr'>x</span> <span class='ocrx_word' id='word_1_137' title='bbox 1380 2222 1489 2301; x_wconf 91' lang='lat' dir='ltr'>libras,</span> <span class='ocrx_word' id='word_1_138' title='bbox 1505 2230 1539 2285; x_wconf 92' lang='lat' dir='ltr'>et</span> <span class='ocrx_word' id='word_1_139' title='bbox 1561 2221 1646 2285; x_wconf 89' lang='lat' dir='ltr'>alius</span> 
     </span>
     <span class='ocr_line' id='line_1_16' title="bbox 290 2341 1645 2428; baseline 0 -23"><span class='ocrx_word' id='word_1_140' title='bbox 290 2342 444 2407; x_wconf 90' lang='lat' dir='ltr'>secularis</span> <span class='ocrx_word' id='word_1_141' title='bbox 456 2365 480 2406; x_wconf 92' lang='lat' dir='ltr'>x</span> <span class='ocrx_word' id='word_1_142' title='bbox 493 2342 601 2420; x_wconf 79' lang='lat' dir='ltr'>libraS,</span> <span class='ocrx_word' id='word_1_143' title='bbox 614 2353 648 2407; x_wconf 95' lang='lat' dir='ltr'>et</span> <span class='ocrx_word' id='word_1_144' title='bbox 659 2341 742 2407; x_wconf 92' lang='lat' dir='ltr'>alius</span> <span class='ocrx_word' id='word_1_145' title='bbox 755 2345 942 2408; x_wconf 91' lang='lat' dir='ltr'>mundanus</span> <span class='ocrx_word' id='word_1_146' title='bbox 957 2355 1090 2410; x_wconf 91' lang='lat' dir='ltr'>centum</span> <span class='ocrx_word' id='word_1_147' title='bbox 1106 2344 1248 2423; x_wconf 87' lang='lat' dir='ltr'>solidos;</span> <span class='ocrx_word' id='word_1_148' title='bbox 1264 2355 1298 2408; x_wconf 87' lang='lat' dir='ltr'>et</span> <span class='ocrx_word' id='word_1_149' title='bbox 1313 2345 1383 2428; x_wconf 90' lang='lat' dir='ltr'>ipse</span> <span class='ocrx_word' id='word_1_150' title='bbox 1398 2342 1526 2407; x_wconf 91' lang='lat' dir='ltr'>nullum</span> <span class='ocrx_word' id='word_1_151' title='bbox 1541 2342 1645 2406; x_wconf 91' lang='lat' dir='ltr'>dena·</span> 
     </span>
     <span class='ocr_line' id='line_1_17' title="bbox 293 2462 1646 2549; baseline -0.001 -22"><span class='ocrx_word' id='word_1_152' title='bbox 293 2465 376 2527; x_wconf 91' lang='lat' dir='ltr'>rium</span> <span class='ocrx_word' id='word_1_153' title='bbox 393 2465 503 2543; x_wconf 91' lang='lat' dir='ltr'>habet,</span> <span class='ocrx_word' id='word_1_154' title='bbox 518 2465 580 2527; x_wconf 93' lang='lat' dir='ltr'>nisi</span> <span class='ocrx_word' id='word_1_155' title='bbox 599 2466 781 2529; x_wconf 87' lang='lat' dir='ltr'>secundum</span> <span class='ocrx_word' id='word_1_156' title='bbox 798 2465 1005 2530; x_wconf 91' lang='lat' dir='ltr'>voluntatem</span> <span class='ocrx_word' id='word_1_157' title='bbox 1018 2467 1165 2549; x_wconf 86' lang='lat' dir='ltr'>praedicti</span> <span class='ocrx_word' id='word_1_158' title='bbox 1180 2465 1343 2544; x_wconf 88' lang='lat' dir='ltr'>secularis,</span> <span class='ocrx_word' id='word_1_159' title='bbox 1359 2464 1415 2547; x_wconf 92' lang='lat' dir='ltr'>qui</span> <span class='ocrx_word' id='word_1_160' title='bbox 1430 2464 1543 2529; x_wconf 91' lang='lat' dir='ltr'>omnia</span> <span class='ocrx_word' id='word_1_161' title='bbox 1557 2462 1646 2526; x_wconf 93' lang='lat' dir='ltr'>bona</span> 
     </span>
     <span class='ocr_line' id='line_1_18' title="bbox 291 2585 1645 2668; baseline -0.001 -20"><span class='ocrx_word' id='word_1_162' title='bbox 291 2585 419 2668; x_wconf 85' lang='lat' dir='ltr'>praelati</span> <span class='ocrx_word' id='word_1_163' title='bbox 442 2585 662 2650; x_wconf 91' lang='lat' dir='ltr'>archidiaconi</span> <span class='ocrx_word' id='word_1_164' title='bbox 693 2587 816 2667; x_wconf 89' lang='lat' dir='ltr'>recipit,</span> <span class='ocrx_word' id='word_1_165' title='bbox 840 2596 874 2651; x_wconf 92' lang='lat' dir='ltr'>et</span> <span class='ocrx_word' id='word_1_166' title='bbox 904 2587 1012 2668; x_wconf 92' lang='lat' dir='ltr'>ipsum</span> <span class='ocrx_word' id='word_1_167' title='bbox 1036 2586 1304 2651; x_wconf 88' lang='lat' dir='ltr'>archidiaconum</span> <span class='ocrx_word' id='word_1_168' title='bbox 1330 2585 1483 2650; x_wconf 91' lang='lat' dir='ltr'>exhibuit</span> <span class='ocrx_word' id='word_1_169' title='bbox 1508 2604 1569 2667; x_wconf 92' lang='lat' dir='ltr'>per</span> <span class='ocrx_word' id='word_1_170' title='bbox 1594 2604 1645 2646; x_wconf 91' lang='lat' dir='ltr'>xx</span> 
     </span>
     <span class='ocr_line' id='line_1_19' title="bbox 292 2704 1646 2788; baseline -0.003 -18"><span class='ocrx_word' id='word_1_171' title='bbox 292 2727 398 2770; x_wconf 90' lang='lat' dir='ltr'>annos</span> <span class='ocrx_word' id='word_1_172' title='bbox 415 2708 448 2771; x_wconf 94' lang='lat' dir='ltr'>in</span> <span class='ocrx_word' id='word_1_173' title='bbox 469 2706 571 2770; x_wconf 94' lang='lat' dir='ltr'>domo</span> <span class='ocrx_word' id='word_1_174' title='bbox 593 2706 728 2770; x_wconf 91' lang='lat' dir='ltr'>alterius</span> <span class='ocrx_word' id='word_1_175' title='bbox 742 2708 786 2771; x_wconf 95' lang='lat' dir='ltr'>ad</span> <span class='ocrx_word' id='word_1_176' title='bbox 809 2727 1002 2771; x_wconf 91' lang='lat' dir='ltr'>communas</span> <span class='ocrx_word' id='word_1_177' title='bbox 1024 2707 1260 2772; x_wconf 91' lang='lat' dir='ltr'>ebdomadales</span> <span class='ocrx_word' id='word_1_178' title='bbox 1276 2704 1369 2788; x_wconf 80' lang='lat' dir='ltr'>xvj‘¹;</span> <span class='ocrx_word' id='word_1_179' title='bbox 1393 2716 1426 2770; x_wconf 92' lang='lat' dir='ltr'>et</span> <span class='ocrx_word' id='word_1_180' title='bbox 1446 2704 1566 2783; x_wconf 92' lang='lat' dir='ltr'>audivi,</span> <span class='ocrx_word' id='word_1_181' title='bbox 1582 2723 1646 2786; x_wconf 87' lang='lat' dir='ltr'>ego</span> 
     </span>
    </p>
   </div>
   <div class='ocr_carea' id='block_1_3' title="bbox 291 2811 1646 2910">
    <p class='ocr_par' dir='ltr' id='par_1_4' title="bbox 291 2811 1646 2910">
     <span class='ocr_line' id='line_1_20' title="bbox 291 2811 1646 2910; baseline -0.002 -20"><span class='ocrx_word' id='word_1_182' title='bbox 291 2828 409 2891; x_wconf 88' lang='lat' dir='ltr'>doctor</span> <span class='ocrx_word' id='word_1_183' title='bbox 423 2837 456 2890; x_wconf 91' lang='lat' dir='ltr'>et</span> <span class='ocrx_word' id='word_1_184' title='bbox 473 2826 637 2910; x_wconf 81' lang='lat' dir='ltr'>professor</span> <span class='ocrx_word' id='word_1_185' title='bbox 652 2847 752 2891; x_wconf 82' lang='lat' dir='ltr'>sacrae</span> <span class='ocrx_word' id='word_1_186' title='bbox 768 2828 908 2909; x_wconf 84' lang='lat' dir='ltr'>paginae,</span> <span class='ocrx_word' id='word_1_187' title='bbox 924 2811 1067 2892; x_wconf 84' lang='lat' dir='ltr'>eundem</span> <span class='ocrx_word' id='word_1_188' title='bbox 1084 2828 1350 2894; x_wconf 92' lang='lat' dir='ltr'>archidiaconum</span> <span class='ocrx_word' id='word_1_189' title='bbox 1366 2827 1541 2903; x_wconf 90' lang='lat' dir='ltr'>dicentem,</span> <span class='ocrx_word' id='word_1_190' title='bbox 1557 2845 1646 2889; x_wconf 91' lang='lat' dir='ltr'>anno</span> 
     </span>
    </p>
   </div>
   <div class='ocr_carea' id='block_1_4' title="bbox 292 2947 1646 4243">
    <p class='ocr_par' dir='ltr' id='par_1_5' title="bbox 292 2947 1646 4243">
     <span class='ocr_line' id='line_1_21' title="bbox 293 2947 1645 3032; baseline -0.001 -21"><span class='ocrx_word' id='word_1_191' title='bbox 293 2949 429 3012; x_wconf 91' lang='lat' dir='ltr'>Domini</span> <span class='ocrx_word' id='word_1_192' title='bbox 450 2966 553 3026; x_wconf 87' lang='lat'>1440:</span> <span class='ocrx_word' id='word_1_193' title='bbox 576 2949 672 3011; x_wconf 92' lang='lat' dir='ltr'>‘Non</span> <span class='ocrx_word' id='word_1_194' title='bbox 695 2969 772 3013; x_wconf 94' lang='lat' dir='ltr'>curo</span> <span class='ocrx_word' id='word_1_195' title='bbox 793 2949 835 3011; x_wconf 92' lang='lat' dir='ltr'>de</span> <span class='ocrx_word' id='word_1_196' title='bbox 856 2948 1054 3027; x_wconf 90' lang='lat' dir='ltr'>clerimonia,</span> <span class='ocrx_word' id='word_1_197' title='bbox 1070 2970 1133 3031; x_wconf 87' lang='lat' dir='ltr'>ego</span> <span class='ocrx_word' id='word_1_198' title='bbox 1154 2951 1242 3014; x_wconf 94' lang='lat' dir='ltr'>enim</span> <span class='ocrx_word' id='word_1_199' title='bbox 1266 2948 1392 3032; x_wconf 88' lang='lat' dir='ltr'>majora</span> <span class='ocrx_word' id='word_1_200' title='bbox 1413 2947 1522 3012; x_wconf 89' lang='lat' dir='ltr'>habeo</span> <span class='ocrx_word' id='word_1_201' title='bbox 1544 2966 1645 3029; x_wconf 91' lang='lat' dir='ltr'>quam</span> 
     </span>
     <span class='ocr_line' id='line_1_22' title="bbox 293 3067 1646 3152; baseline -0.002 -20"><span class='ocrx_word' id='word_1_202' title='bbox 293 3070 404 3152; x_wconf 87' lang='lat' dir='ltr'>magni</span> <span class='ocrx_word' id='word_1_203' title='bbox 435 3071 596 3147; x_wconf 90' lang='lat' dir='ltr'>doctores,</span> <span class='ocrx_word' id='word_1_204' title='bbox 625 3080 660 3134; x_wconf 93' lang='lat' dir='ltr'>et</span> <span class='ocrx_word' id='word_1_205' title='bbox 691 3091 753 3152; x_wconf 87' lang='lat' dir='ltr'>ego</span> <span class='ocrx_word' id='word_1_206' title='bbox 783 3071 881 3134; x_wconf 89' lang='lat' dir='ltr'>credo</span> <span class='ocrx_word' id='word_1_207' title='bbox 915 3070 962 3133; x_wconf 92' lang='lat' dir='ltr'>ita</span> <span class='ocrx_word' id='word_1_208' title='bbox 990 3070 1076 3134; x_wconf 90' lang='lat' dir='ltr'>bene</span> <span class='ocrx_word' id='word_1_209' title='bbox 1109 3070 1193 3135; x_wconf 90' lang='lat' dir='ltr'>sicut</span> <span class='ocrx_word' id='word_1_210' title='bbox 1226 3070 1294 3148; x_wconf 86' lang='lat' dir='ltr'>illi;</span> <span class='ocrx_word' id='word_1_211' title='bbox 1331 3070 1431 3135; x_wconf 92' lang='lat' dir='ltr'>credo</span> <span class='ocrx_word' id='word_1_212' title='bbox 1460 3067 1549 3132; x_wconf 91' lang='lat' dir='ltr'>enim</span> <span class='ocrx_word' id='word_1_213' title='bbox 1578 3077 1646 3132; x_wconf 89' lang='lat' dir='ltr'>tres</span> 
     </span>
     <span class='ocr_line' id='line_1_23' title="bbox 294 3189 1646 3274; baseline -0.001 -20"><span class='ocrx_word' id='word_1_214' title='bbox 294 3192 385 3256; x_wconf 92' lang='lat' dir='ltr'>Deos</span> <span class='ocrx_word' id='word_1_215' title='bbox 409 3213 482 3257; x_wconf 88' lang='lat' dir='ltr'>esse</span> <span class='ocrx_word' id='word_1_216' title='bbox 509 3193 542 3255; x_wconf 94' lang='lat' dir='ltr'>in</span> <span class='ocrx_word' id='word_1_217' title='bbox 565 3212 631 3255; x_wconf 88' lang='lat' dir='ltr'>una</span> <span class='ocrx_word' id='word_1_218' title='bbox 653 3212 802 3273; x_wconf 88' lang='lat' dir='ltr'>persona,</span> <span class='ocrx_word' id='word_1_219' title='bbox 823 3201 858 3256; x_wconf 90' lang='lat' dir='ltr'>et</span> <span class='ocrx_word' id='word_1_220' title='bbox 883 3192 984 3256; x_wconf 91' lang='lat' dir='ltr'>credo</span> <span class='ocrx_word' id='word_1_221' title='bbox 1011 3192 1168 3274; x_wconf 91' lang='lat' dir='ltr'>quicquid</span> <span class='ocrx_word' id='word_1_222' title='bbox 1192 3193 1285 3256; x_wconf 90' lang='lat' dir='ltr'>Deus</span> <span class='ocrx_word' id='word_1_223' title='bbox 1308 3190 1433 3257; x_wconf 77' lang='lat' dir='ltr'>credit-¹</span> <span class='ocrx_word' id='word_1_224' title='bbox 1479 3190 1565 3254; x_wconf 85' lang='lat' dir='ltr'>Haec</span> <span class='ocrx_word' id='word_1_225' title='bbox 1586 3189 1646 3253; x_wconf 90' lang='lat' dir='ltr'>ab·</span> 
     </span>
     <span class='ocr_line' id='line_1_24' title="bbox 292 3310 1645 3395; baseline -0.004 -18"><span class='ocrx_word' id='word_1_226' title='bbox 292 3315 392 3377; x_wconf 92' lang='lat' dir='ltr'>surda</span> <span class='ocrx_word' id='word_1_227' title='bbox 414 3334 488 3395; x_wconf 87' lang='lat' dir='ltr'>ego,</span> <span class='ocrx_word' id='word_1_228' title='bbox 505 3311 728 3377; x_wconf 88' lang='lat' dir='ltr'>Cancellarius</span> <span class='ocrx_word' id='word_1_229' title='bbox 744 3312 896 3391; x_wconf 85' lang='lat' dir='ltr'>Oxoniae,</span> <span class='ocrx_word' id='word_1_230' title='bbox 914 3312 1025 3377; x_wconf 91' lang='lat' dir='ltr'>audivi</span> <span class='ocrx_word' id='word_1_231' title='bbox 1047 3312 1262 3394; x_wconf 89' lang='lat' dir='ltr'>personaliter</span> <span class='ocrx_word' id='word_1_232' title='bbox 1284 3314 1327 3377; x_wconf 89' lang='lat' dir='ltr'>ab</span> <span class='ocrx_word' id='word_1_233' title='bbox 1349 3333 1407 3376; x_wconf 91' lang='lat' dir='ltr'>ore</span> <span class='ocrx_word' id='word_1_234' title='bbox 1428 3310 1508 3393; x_wconf 88' lang='lat' dir='ltr'>ejus.</span> <span class='ocrx_word' id='word_1_235' title='bbox 1553 3310 1645 3373; x_wconf 91' lang='lat' dir='ltr'>Deus</span> 
     </span>
     <span class='ocr_line' id='line_1_25' title="bbox 293 3429 1646 3517; baseline -0.004 -20"><span class='ocrx_word' id='word_1_236' title='bbox 293 3435 355 3499; x_wconf 90' lang='lat' dir='ltr'>scit</span> <span class='ocrx_word' id='word_1_237' title='bbox 376 3435 466 3516; x_wconf 94' lang='lat' dir='ltr'>quod</span> <span class='ocrx_word' id='word_1_238' title='bbox 488 3455 553 3497; x_wconf 93' lang='lat' dir='ltr'>non</span> <span class='ocrx_word' id='word_1_239' title='bbox 577 3433 733 3498; x_wconf 91' lang='lat' dir='ltr'>mencior.</span> <span class='ocrx_word' id='word_1_240' title='bbox 777 3433 824 3497; x_wconf 93' lang='lat' dir='ltr'>Et</span> <span class='ocrx_word' id='word_1_241' title='bbox 845 3443 917 3498; x_wconf 89' lang='lat' dir='ltr'>tum</span> <span class='ocrx_word' id='word_1_242' title='bbox 941 3452 1004 3515; x_wconf 87' lang='lat' dir='ltr'>ego</span> <span class='ocrx_word' id='word_1_243' title='bbox 1027 3434 1102 3497; x_wconf 90' lang='lat' dir='ltr'>novi</span> <span class='ocrx_word' id='word_1_244' title='bbox 1126 3435 1216 3516; x_wconf 92' lang='lat' dir='ltr'>quod</span> <span class='ocrx_word' id='word_1_245' title='bbox 1235 3434 1307 3517; x_wconf 89' lang='lat' dir='ltr'>jam</span> <span class='ocrx_word' id='word_1_246' title='bbox 1328 3435 1361 3497; x_wconf 94' lang='lat' dir='ltr'>in</span> <span class='ocrx_word' id='word_1_247' title='bbox 1382 3433 1493 3497; x_wconf 91' lang='lat' dir='ltr'>studio</span> <span class='ocrx_word' id='word_1_248' title='bbox 1516 3429 1646 3495; x_wconf 90' lang='lat' dir='ltr'>Oxoni·</span> 
     </span>
     <span class='ocr_line' id='line_1_26' title="bbox 293 3552 1646 3638; baseline -0.004 -18"><span class='ocrx_word' id='word_1_249' title='bbox 293 3556 364 3620; x_wconf 92' lang='lat' dir='ltr'>ensi</span> <span class='ocrx_word' id='word_1_250' title='bbox 393 3556 486 3619; x_wconf 92' lang='lat' dir='ltr'>stetit</span> <span class='ocrx_word' id='word_1_251' title='bbox 517 3575 601 3618; x_wconf 91' lang='lat' dir='ltr'>unus</span> <span class='ocrx_word' id='word_1_252' title='bbox 631 3554 757 3629; x_wconf 89' lang='lat' dir='ltr'>doctor,</span> <span class='ocrx_word' id='word_1_253' title='bbox 788 3552 965 3638; x_wconf 88' lang='lat' dir='ltr'>theologus</span> <span class='ocrx_word' id='word_1_254' title='bbox 998 3555 1030 3618; x_wconf 94' lang='lat' dir='ltr'>in</span> <span class='ocrx_word' id='word_1_255' title='bbox 1061 3555 1197 3620; x_wconf 89' lang='lat' dir='ltr'>Oxonia</span> <span class='ocrx_word' id='word_1_256' title='bbox 1226 3556 1311 3619; x_wconf 90' lang='lat' dir='ltr'>ultra</span> <span class='ocrx_word' id='word_1_257' title='bbox 1340 3553 1436 3637; x_wconf 87' lang='lat' dir='ltr'>xxiiij</span> <span class='ocrx_word' id='word_1_258' title='bbox 1467 3571 1580 3628; x_wconf 90' lang='lat' dir='ltr'>annos,</span> <span class='ocrx_word' id='word_1_259' title='bbox 1611 3557 1646 3614; x_wconf 88' lang='lat' dir='ltr'>et</span> 
     </span>
     <span class='ocr_line' id='line_1_27' title="bbox 293 3670 1646 3759; baseline -0.003 -20"><span class='ocrx_word' id='word_1_260' title='bbox 293 3676 355 3740; x_wconf 82' lang='lat' dir='ltr'>[uit</span> <span class='ocrx_word' id='word_1_261' title='bbox 386 3696 502 3759; x_wconf 87' lang='lat' dir='ltr'>regens</span> <span class='ocrx_word' id='word_1_262' title='bbox 532 3677 565 3739; x_wconf 94' lang='lat' dir='ltr'>in</span> <span class='ocrx_word' id='word_1_263' title='bbox 596 3695 689 3740; x_wconf 88' lang='lat' dir='ltr'>sacra</span> <span class='ocrx_word' id='word_1_264' title='bbox 712 3673 896 3758; x_wconf 87' lang='lat' dir='ltr'>Theologia</span> <span class='ocrx_word' id='word_1_265' title='bbox 925 3695 986 3757; x_wconf 91' lang='lat' dir='ltr'>per</span> <span class='ocrx_word' id='word_1_266' title='bbox 1014 3695 1119 3739; x_wconf 88' lang='lat' dir='ltr'>annos</span> <span class='ocrx_word' id='word_1_267' title='bbox 1144 3674 1191 3757; x_wconf 87' lang='lat' dir='ltr'>xij</span> <span class='ocrx_word' id='word_1_268' title='bbox 1223 3676 1356 3750; x_wconf 90' lang='lat' dir='ltr'>ibidem,</span> <span class='ocrx_word' id='word_1_269' title='bbox 1381 3683 1416 3738; x_wconf 92' lang='lat' dir='ltr'>et</span> <span class='ocrx_word' id='word_1_270' title='bbox 1444 3682 1563 3757; x_wconf 87' lang='lat' dir='ltr'>postea</span> <span class='ocrx_word' id='word_1_271' title='bbox 1594 3670 1646 3735; x_wconf 89' lang='lat' dir='ltr'>bis</span> 
     </span>
     <span class='ocr_line' id='line_1_28' title="bbox 292 3791 1646 3873; baseline -0.003 -11"><span class='ocrx_word' id='word_1_272' title='bbox 292 3796 507 3862; x_wconf 92' lang='lat' dir='ltr'>cancellarius</span> <span class='ocrx_word' id='word_1_273' title='bbox 535 3794 679 3861; x_wconf 87' lang='lat' dir='ltr'>Oxoniae</span> <span class='ocrx_word' id='word_1_274' title='bbox 705 3804 740 3859; x_wconf 94' lang='lat' dir='ltr'>et</span> <span class='ocrx_word' id='word_1_275' title='bbox 763 3805 814 3860; x_wconf 89' lang='lat' dir='ltr'>ter</span> <span class='ocrx_word' id='word_1_276' title='bbox 837 3795 882 3858; x_wconf 93' lang='lat' dir='ltr'>ibi</span> <span class='ocrx_word' id='word_1_277' title='bbox 907 3794 1032 3860; x_wconf 91' lang='lat' dir='ltr'>electus</span> <span class='ocrx_word' id='word_1_278' title='bbox 1056 3796 1089 3859; x_wconf 94' lang='lat' dir='ltr'>in</span> <span class='ocrx_word' id='word_1_279' title='bbox 1114 3795 1194 3859; x_wconf 92' lang='lat' dir='ltr'>illud</span> <span class='ocrx_word' id='word_1_280' title='bbox 1220 3795 1372 3868; x_wconf 87' lang='lat' dir='ltr'>officium,</span> <span class='ocrx_word' id='word_1_281' title='bbox 1398 3803 1432 3859; x_wconf 92' lang='lat' dir='ltr'>et</span> <span class='ocrx_word' id='word_1_282' title='bbox 1459 3791 1580 3858; x_wconf 89' lang='lat' dir='ltr'>creavit</span> <span class='ocrx_word' id='word_1_283' title='bbox 1603 3802 1646 3873; x_wconf 85' lang='lat'>35</span> 
     </span>
     <span class='ocr_line' id='line_1_29' title="bbox 292 3913 1646 3999; baseline -0.005 -17"><span class='ocrx_word' id='word_1_284' title='bbox 292 3918 446 3982; x_wconf 87' lang='lat' dir='ltr'>doctores</span> <span class='ocrx_word' id='word_1_285' title='bbox 475 3936 576 3980; x_wconf 87' lang='lat' dir='ltr'>sacrae</span> <span class='ocrx_word' id='word_1_286' title='bbox 605 3917 745 3999; x_wconf 87' lang='lat' dir='ltr'>paginae,</span> <span class='ocrx_word' id='word_1_287' title='bbox 775 3924 809 3980; x_wconf 93' lang='lat' dir='ltr'>et</span> <span class='ocrx_word' id='word_1_288' title='bbox 839 3925 960 3994; x_wconf 89' lang='lat' dir='ltr'>tamen,</span> <span class='ocrx_word' id='word_1_289' title='bbox 982 3936 1003 3980; x_wconf 90' lang='lat' dir='ltr'>a</span> <span class='ocrx_word' id='word_1_290' title='bbox 1025 3916 1185 3998; x_wconf 91' lang='lat' dir='ltr'>principio</span> <span class='ocrx_word' id='word_1_291' title='bbox 1213 3917 1329 3980; x_wconf 92' lang='lat' dir='ltr'>mundi</span> <span class='ocrx_word' id='word_1_292' title='bbox 1359 3934 1463 3996; x_wconf 90' lang='lat' dir='ltr'>usque</span> <span class='ocrx_word' id='word_1_293' title='bbox 1492 3915 1526 3976; x_wconf 92' lang='lat' dir='ltr'>in</span> <span class='ocrx_word' id='word_1_294' title='bbox 1556 3913 1646 3976; x_wconf 94' lang='lat' dir='ltr'>diem</span> 
     </span>
     <span class='ocr_line' id='line_1_30' title="bbox 293 4034 1644 4121; baseline -0.002 -18"><span class='ocrx_word' id='word_1_295' title='bbox 293 4038 526 4121; x_wconf 87' lang='lat' dir='ltr'>resignacionis</span> <span class='ocrx_word' id='word_1_296' title='bbox 546 4037 626 4102; x_wconf 89' lang='lat' dir='ltr'>dicti</span> <span class='ocrx_word' id='word_1_297' title='bbox 646 4036 906 4112; x_wconf 89' lang='lat' dir='ltr'>cancellariatus,</span> <span class='ocrx_word' id='word_1_298' title='bbox 922 4058 1092 4120; x_wconf 90' lang='lat' dir='ltr'>nunquam</span> <span class='ocrx_word' id='word_1_299' title='bbox 1111 4037 1230 4121; x_wconf 92' lang='lat' dir='ltr'>aliquis</span> <span class='ocrx_word' id='word_1_300' title='bbox 1250 4039 1431 4121; x_wconf 91' lang='lat' dir='ltr'>episcopus,</span> <span class='ocrx_word' id='word_1_301' title='bbox 1448 4055 1508 4100; x_wconf 94' lang='lat' dir='ltr'>nec</span> <span class='ocrx_word' id='word_1_302' title='bbox 1530 4034 1644 4110; x_wconf 88' lang='lat' dir='ltr'>abbas,</span> 
     </span>
     <span class='ocr_line' id='line_1_31' title="bbox 294 4158 1646 4243; baseline -0.003 -19"><span class='ocrx_word' id='word_1_303' title='bbox 294 4180 354 4224; x_wconf 93' lang='lat' dir='ltr'>nec</span> <span class='ocrx_word' id='word_1_304' title='bbox 384 4160 503 4243; x_wconf 91' lang='lat' dir='ltr'>aliquis</span> <span class='ocrx_word' id='word_1_305' title='bbox 533 4158 733 4242; x_wconf 92' lang='lat' dir='ltr'>temporalis,</span> <span class='ocrx_word' id='word_1_306' title='bbox 757 4158 879 4241; x_wconf 88' lang='lat' dir='ltr'>optulit</span> <span class='ocrx_word' id='word_1_307' title='bbox 908 4159 970 4222; x_wconf 92' lang='lat' dir='ltr'>sibi</span> <span class='ocrx_word' id='word_1_308' title='bbox 1000 4158 1147 4242; x_wconf 90' lang='lat' dir='ltr'>aliquam</span> <span class='ocrx_word' id='word_1_309' title='bbox 1172 4159 1343 4225; x_wconf 89' lang='lat' dir='ltr'>ecclesiam</span> <span class='ocrx_word' id='word_1_310' title='bbox 1373 4179 1449 4224; x_wconf 92' lang='lat' dir='ltr'>cum</span> <span class='ocrx_word' id='word_1_311' title='bbox 1477 4177 1555 4221; x_wconf 88' lang='lat' dir='ltr'>cura</span> <span class='ocrx_word' id='word_1_312' title='bbox 1584 4176 1646 4221; x_wconf 89' lang='lat' dir='ltr'>nec</span> 
     </span>
    </p>
   </div>
   <div class='ocr_carea' id='block_1_5' title="bbox 293 4276 1647 4448">
    <p class='ocr_par' dir='ltr' id='par_1_6' title="bbox 293 4276 1647 4448">
     <span class='ocr_line' id='line_1_32' title="bbox 293 4276 1647 4365; baseline -0.003 -19"><span class='ocrx_word' id='word_1_313' title='bbox 293 4282 364 4346; x_wconf 91' lang='lat' dir='ltr'>sine</span> <span class='ocrx_word' id='word_1_314' title='bbox 387 4302 465 4345; x_wconf 91' lang='lat' dir='ltr'>cura</span> <span class='ocrx_word' id='word_1_315' title='bbox 483 4281 678 4358; x_wconf 90' lang='lat' dir='ltr'>animarum,</span> <span class='ocrx_word' id='word_1_316' title='bbox 695 4302 756 4346; x_wconf 90' lang='lat' dir='ltr'>nec</span> <span class='ocrx_word' id='word_1_317' title='bbox 776 4280 1001 4363; x_wconf 86' lang='lat' dir='ltr'>praebendam,</span> <span class='ocrx_word' id='word_1_318' title='bbox 1020 4301 1081 4346; x_wconf 89' lang='lat' dir='ltr'>nec</span> <span class='ocrx_word' id='word_1_319' title='bbox 1103 4281 1275 4365; x_wconf 90' lang='lat' dir='ltr'>capellam,</span> <span class='ocrx_word' id='word_1_320' title='bbox 1290 4290 1434 4363; x_wconf 88' lang='lat' dir='ltr'>excepto</span> <span class='ocrx_word' id='word_1_321' title='bbox 1453 4299 1520 4343; x_wconf 92' lang='lat' dir='ltr'>uno</span> <span class='ocrx_word' id='word_1_322' title='bbox 1542 4276 1647 4342; x_wconf 92' lang='lat' dir='ltr'>milite</span> 
     </span>
     <span class='ocr_line' id='line_1_33' title="bbox 938 4384 1000 4448; baseline 0.032 -2"><span class='ocrx_word' id='word_1_323' title='bbox 938 4397 962 4446; x_wconf 88' lang='lat' dir='ltr'>o</span> <span class='ocrx_word' id='word_1_324' title='bbox 978 4384 1000 4448; x_wconf 91' lang='lat' dir='ltr'>d</span> 
     </span>
    </p>
   </div>
   <div class='ocr_carea' id='block_1_6' title="bbox 0 0 1917 4904">
    <p class='ocr_par' dir='ltr' id='par_1_7' title="bbox 0 0 1917 4904">
     <span class='ocr_line' id='line_1_34' title="bbox 0 0 1917 4904; baseline 0 0"><span class='ocrx_word' id='word_1_325' title='bbox 0 0 1917 4904; x_wconf 95' lang='lat' dir='ltr'> </span> 
     </span>
    </p>
   </div>
  </div>
 </body>
</html>
