3818 4904
650 425 749 480 [σε]
774 426 804 479 E
832 427 958 482 rinno
993 426 1252 482 veniturum
1569 408 1630 490 185

275 660 423 721 quaeram
454 641 534 704 talia
565 651 598 706 et
629 643 717 722 talia,
745 652 779 707 et
808 643 885 709 talis
916 645 1035 709 modus
1064 643 1255 728 disputandi
1285 641 1348 704 suit
1378 646 1525 703 servatus
1556 634 1629 699 Ox·

275 761 362 824 oniae
385 762 472 825 inter
492 761 668 845 theologos
689 785 791 846 usque
816 766 859 829 ad
880 765 978 829 bonae
999 767 1168 830 memoriae
1191 766 1362 829 doctorem
1382 770 1417 825 et
1438 759 1629 842 episcopum

276 881 553 962 Lincolniensem,
583 886 754 949 doctorem
790 887 971 951 Ricardum
1002 888 1230 969 Flemmynge,
1261 893 1376 949 natum
1406 881 1439 944 in
1470 878 1630 943 comitatu

275 1000 434 1067 Eborum.

361 1130 420 1196 [in]
464 1122 594 1188 ‘Arcus
624 1124 763 1189 forcium
794 1137 968 1208 superatus
999 1138 1057 1202 est,
1090 1137 1123 1191 et
1153 1126 1273 1190 infirmi
1304 1123 1441 1189 accincti
1470 1131 1548 1184 sunt
1577 1137 1630 1182 ro·

274 1240 375 1319 bore,'
399 1244 418 1305 i.
431 1265 459 1307 e.
486 1244 626 1308 sciencia
651 1267 725 1328 quae
749 1256 885 1328 putatur
907 1248 1045 1327 subtilis,
1069 1259 1103 1313 et
1130 1249 1277 1312 curiosus
1300 1246 1419 1309 modus
1441 1238 1573 1306 dicendi
1596 1246 1631 1302 et

273 1364 485 1444 praedicandi,
507 1364 655 1429 infirmus
690 1375 749 1444 est,
773 1368 851 1450 quia
877 1389 993 1449 parum
1023 1368 1077 1432 vel
1110 1367 1238 1432 nullum
1267 1368 1409 1430 fructum
1438 1361 1544 1446 parit3
1574 1361 1630 1422 ‘et

274 1483 395 1547 infirmi
419 1485 557 1549 accincti
583 1496 660 1550 sunt
681 1487 816 1563 robore,’
839 1489 858 1552 i.
868 1510 896 1552 e.
919 1488 1019 1570 plano
1046 1491 1148 1554 modo
1173 1488 1305 1553 dicendi
1332 1494 1464 1550 utentes
1488 1484 1522 1546 in
1546 1500 1631 1563 prae·

274 1605 443 1669 dicacione
469 1626 537 1681 sua,
560 1607 698 1671 accincti
726 1618 803 1671 sunt
833 1608 1027 1672 fortitudine
1056 1609 1225 1693 spirituali,
1257 1616 1291 1672 et
1320 1607 1402 1671 alios
1428 1604 1475 1668 sic
1505 1601 1630 1665 iaciunt

273 1725 375 1789 sortes
398 1727 431 1789 in
446 1726 575 1805 virtute,
591 1736 628 1791 ut
649 1728 697 1791 ait
719 1729 836 1792 doctor
854 1728 1038 1793 Nicholaus
1056 1730 1099 1793 de
1115 1731 1193 1793 Lira
1216 1730 1250 1792 in
1269 1725 1407 1792 Postilla
1429 1744 1489 1788 sua
1512 1718 1629 1786 morali

274 1866 373 1928 super
395 1845 548 1924 Bibliam,
570 1847 679 1928 primo
703 1849 836 1932 Regum
853 1847 893 1930 ij¹.
940 1849 1008 1915 Sed
1033 1870 1100 1915 non
1123 1849 1225 1914 habet
1248 1847 1329 1911 illud
1357 1847 1391 1909 in
1408 1842 1546 1909 Postilla
1567 1861 1628 1904 sua

275 1966 418 2043 litterali,
434 1989 492 2032 seu
511 1968 683 2045 historiali,
699 1991 797 2052 super
813 1970 976 2049 Bibliam3
1000 1981 1033 2035 et
1055 1982 1107 2036 est
1130 1981 1307 2054 utrumque
1330 1988 1413 2052 opus
1434 1965 1521 2029 Lirae
1540 1960 1628 2026 Can·

274 2090 434 2172 tabrigiae‚
455 2102 488 2155 et
511 2091 617 2157 eciam
641 2093 798 2174 magister
819 2091 1005 2157 Willelmus
1026 2092 1118 2177 Grey
1140 2093 1242 2157 habet
1265 2092 1354 2155 idem
1377 2108 1462 2171 opus
1485 2082 1629 2150 Oxoniae

275 2213 308 2274 in
331 2232 463 2277 camera
485 2234 545 2277 sua
568 2213 601 2276 in
623 2215 699 2277 aula
723 2213 866 2278 Ballioli.

361 2343 402 2410 [p.
418 2343 493 2411 449.]
537 2342 738 2399 Praedicare.
784 2335 820 2401 Si
848 2336 912 2413 ille,
934 2336 990 2418 qui
1014 2337 1120 2411 docet,
1143 2356 1209 2398 non
1232 2334 1320 2416 turpi
1343 2333 1434 2396 lucro
1458 2337 1492 2393 et
1515 2325 1630 2410 gloriae

273 2462 377 2536 atque
394 2453 578 2536 jactanciae,
602 2457 661 2519 sed
685 2455 819 2520 utilitati
838 2457 1024 2539 legencium
1047 2457 1324 2537 audienciumque
1344 2451 1524 2535 provideat,
1544 2446 1629 2511 tales

274 2574 489 2659 prohibentes
515 2585 549 2639 et
576 2575 795 2658 impedientes
821 2577 959 2641 verbum
984 2577 1049 2641 Dei
1076 2586 1110 2641 et
1134 2597 1246 2641 curam
1272 2574 1420 2639 debitam
1445 2570 1629 2635 animarum

273 2716 333 2778 per
359 2695 570 2779 indignorum
597 2708 631 2760 et
656 2697 832 2760 insciorum
862 2698 1108 2762 institucionem
1133 2699 1166 2761 in
1191 2696 1339 2771 ecclesia,
1369 2701 1447 2758 sunt
1470 2690 1549 2755 ebrii
1572 2687 1631 2752 illa

274 2816 435 2880 ebrietate
461 2838 527 2898 qua
550 2817 634 2881 curis
665 2818 775 2881 saeculi
806 2819 986 2883 inebriatur
1012 2828 1046 2883 et
1074 2819 1223 2884 obruitur
1248 2818 1370 2880 animae
1394 2813 1498 2896 vigor.
1544 2811 1631 2874 Haec

274 2938 418 3003 Sanctus
433 2937 631 3018 jeronimus,
652 2960 751 3021 super
770 2939 880 3003 Amos
901 2940 1107 3023 prophetam,
1128 2946 1190 3005 ca⁰.
1207 2939 1244 3021 ij⁰
1262 2947 1386 3002 textus,
1430 2932 1632 2997 Praedicator

274 3060 339 3141 qui,
359 3061 525 3141 praecipue
545 3059 608 3123 hiis
631 3061 757 3136 diebus
774 3062 933 3144 praedicet
957 3062 989 3124 in
1012 3062 1145 3126 nomine
1165 3062 1245 3142 Jesu
1267 3068 1382 3124 contra
1402 3056 1574 3138 episcopos
1596 3062 1631 3117 et

275 3189 418 3244 rectores
440 3180 621 3244 residentes
642 3182 675 3244 in
696 3182 831 3263 palaciis
855 3202 968 3264 regum
987 3190 1021 3245 et
1042 3181 1259 3257 dominorum,
1275 3190 1308 3244 et
1329 3179 1374 3242 ibi
1389 3177 1478 3240 bona
1497 3194 1629 3239 suarum

275 3301 487 3365 ecclesiarum
510 3304 716 3384 expendunt,
735 3313 769 3367 et
788 3306 821 3366 in
842 3305 919 3367 anni
941 3304 1037 3367 donis
1059 3305 1142 3366 dant
1161 3303 1304 3366 dominis
1324 3299 1439 3362 mundi
1462 3306 1630 3361 eteorum

274 3423 384 3499 servis,
400 3423 451 3486 vel
471 3424 515 3488 ibi
537 3424 662 3502 vivunt,
679 3435 715 3488 ut
738 3426 799 3488 sibi
823 3425 1046 3489 thesaurizent
1068 3426 1130 3488 sibi
1154 3426 1242 3490 bona
1266 3422 1475 3488 ecclesiarum
1498 3419 1532 3482 in
1554 3437 1630 3499 per·

274 3544 420 3608 diciones
442 3546 635 3624 animarum,
652 3567 743 3611 more
763 3547 849 3610 illius
872 3548 1028 3630 episcopi,
1048 3546 1103 3629 qui
1123 3567 1227 3630 nuper
1247 3544 1345 3609 michi
1364 3541 1516 3625 cognitus
1537 3538 1629 3608 obiit

272 3665 401 3729 habens
421 3665 454 3728 in
474 3666 629 3729 thesauro
644 3677 720 3748 post
735 3677 877 3732 mortem
893 3679 969 3732 octo
989 3669 1079 3731 milia
1099 3686 1291 3742 marcarum,
1308 3664 1364 3748 qui
1382 3680 1552 3745 nunquam
1567 3658 1629 3723 fuit

274 3785 308 3847 in
330 3806 390 3848 sua
413 3786 551 3850 ecclesia
573 3788 762 3869 episcopali,
786 3809 846 3853 nec
869 3789 902 3852 in
926 3789 1048 3853 diocesi
1075 3810 1134 3853 sua
1157 3799 1335 3871 postquam
1357 3786 1419 3850 fuit
1445 3784 1628 3869 episcopus,

274 3907 334 3970 sed
357 3906 442 3971 vixit
466 3907 650 3971 Londoniis
676 3909 708 3971 in
733 3909 844 3991 quiete
866 3911 1021 3992 corporis,
1045 3921 1079 3975 et
1101 3920 1178 3994 post
1202 3919 1343 3974 mortem
1365 3909 1510 3992 episcopi
1535 3909 1630 3992 quasi

273 4028 386 4092 omnia
407 4028 496 4090 bona
511 4049 570 4093 sua
590 4029 731 4111 spoliata
752 4030 884 4095 fuerunt
904 4052 1081 4113 perunum
1104 4034 1321 4116 armigerum3
1346 4040 1380 4094 et
1398 4030 1469 4112 jam
1490 4031 1565 4094 novi
1579 4037 1629 4111 4⁰*

275 4170 415 4232 magnos
431 4149 604 4232 episcopos
622 4161 719 4215 extra
739 4173 851 4216 curam
867 4174 961 4217 suam
983 4165 1017 4219 et
1033 4155 1189 4219 diocesim
1206 4153 1300 4236 quasi
1321 4152 1353 4214 in
1369 4151 1484 4215 officiis
1498 4160 1628 4236 tempo·

275 4270 397 4335 ralibus
413 4280 601 4354 occupatos,
618 4281 652 4337 et
670 4273 754 4338 duos
773 4275 806 4338 in
828 4275 917 4339 curia
936 4277 1111 4359 temporali
1132 4277 1226 4358 quasi
1249 4276 1403 4340 continue
1426 4273 1627 4340 residentes:

923 4394 943 4441 u
958 4381 980 4443 b
