3818 4904
287 424 304 469 2
655 412 755 467 LOCI
780 413 809 466 E
838 412 961 467 LIBRO
996 413 1254 468 VERITATUM.

286 630 441 713 parochia
476 638 513 693 ut
542 629 683 694 solveret
712 630 769 693 illo
799 651 886 694 anno
916 629 1062 694 ecclesiae
1093 631 1274 694 cathedrali
1306 641 1429 695 certam
1460 650 1634 704 summam,

287 752 334 815 ita
371 752 459 833 quod
496 753 632 833 quidam
665 772 826 833 pauperes
863 750 1030 815 solverunt
1063 749 1114 814 xl‘¹
1148 751 1256 814 eidem
1290 752 1453 815 sacerdoti
1489 750 1636 814 ecclesiae

287 871 467 936 cathedrali
504 871 687 949 solvendos,
719 883 753 936 et
787 872 842 935 ille
879 871 1053 953 injungens
1089 871 1205 936 habuit
1242 872 1333 935 illam
1367 872 1557 954 parochiam
1591 872 1634 935 ad

288 992 418 1055 firmam
447 1012 508 1074 pro
529 1013 559 1054 v.
584 1012 609 1056 s.
653 991 722 1056 Sed
749 991 825 1056 talis
849 992 1043 1073 penitencia,
1065 992 1257 1074 dependens
1287 1014 1332 1055 ex
1361 992 1496 1055 arbitrio
1526 990 1634 1054 solum

288 1111 477 1189 sacerdotis,
499 1122 610 1193 potest
633 1112 765 1176 refutari
788 1122 874 1177 teste
898 1113 1033 1177 doctore
1056 1113 1167 1176 subtili
1191 1133 1289 1195 super
1310 1122 1474 1195 quartum.

376 1241 415 1308 [p.
434 1241 486 1305 16.]
522 1231 645 1297 Videte
658 1233 731 1296 haec
745 1243 780 1297 et
796 1232 977 1316 intelligite,
993 1255 1014 1296 o
1029 1232 1250 1297 confessores!
1275 1242 1309 1297 et
1324 1254 1383 1296 vos
1398 1233 1514 1296 fratres
1528 1230 1637 1294 vocati

290 1352 411 1417 milites
441 1354 484 1417 de
509 1353 623 1432 Rodia,
646 1354 703 1436 qui
733 1353 827 1437 plura
856 1354 944 1417 bona
971 1354 1139 1436 recepistis
1168 1354 1211 1417 ad
1239 1363 1352 1417 sancte
1378 1352 1638 1435 dispensandum

289 1484 325 1538 ct
353 1475 396 1538 ad
427 1485 540 1539 sancte
570 1474 790 1550 militandum,
821 1495 862 1538 ne
892 1475 1013 1557 pagani
1045 1475 1205 1539 intrarent
1234 1485 1338 1538 terras
1368 1473 1576 1546 Xtianorum,
1603 1479 1639 1534 et

286 1593 357 1677 jam
377 1595 551 1660 abutimini
574 1596 669 1659 bonis
692 1594 756 1658 illis
776 1595 809 1658 in
833 1594 958 1658 deliciis
981 1604 1210 1677 peccatorum:
1242 1595 1275 1658 in
1299 1595 1416 1658 diebus
1436 1595 1524 1657 enirn
1549 1591 1640 1669 meis,

289 1716 411 1780 milites
437 1717 480 1779 de
506 1716 613 1780 Rodis
635 1713 840 1781 vocabantur
865 1716 990 1793 fratres,
1012 1725 1047 1779 et
1073 1715 1134 1797 ipsi
1157 1715 1343 1797 equitantes
1368 1714 1546 1797 portabant
1572 1731 1640 1775 sar·

290 1837 381 1899 cinas
407 1858 482 1901 suas
508 1857 608 1920 super
632 1859 753 1920 equum
778 1857 877 1919 super
902 1858 970 1918 quo
996 1836 1190 1918 equitabant
1220 1837 1282 1919 ipsi
1312 1837 1429 1900 fratres
1455 1834 1584 1912 milites,
1607 1841 1641 1895 et

291 1977 391 2019 unam
424 1966 552 2039 partem
587 1958 750 2021 bonorum
785 1978 919 2022 suorum
954 1958 1125 2020 annuatim
1163 1957 1299 2020 domino
1335 1958 1493 2039 magistro
1526 1956 1642 2018 insulae

292 2077 408 2155 Rodae‚
435 2087 468 2142 et
498 2078 599 2142 aliam
628 2088 757 2161 partem
781 2079 943 2142 bonorum
970 2079 1093 2143 sanctis
1124 2087 1158 2142 et
1184 2078 1383 2161 pauperibus
1409 2077 1581 2156 dederunt,
1608 2086 1642 2140 et

290 2199 426 2262 terciam
449 2209 579 2282 partem
601 2199 822 2283 hospitalitati
845 2221 922 2264 suae.

378 2328 417 2396 [p.
434 2329 486 2395 ῃ]
526 2320 581 2385 Sic
610 2322 727 2386 doctor
751 2322 901 2385 Thomas
927 2320 1080 2399 Walden,
1104 2320 1137 2383 in
1164 2342 1224 2384 suo
1250 2319 1433 2385 Doctrinali
1463 2319 1642 2402 antiquita·

290 2450 364 2505 tum
387 2441 542 2520 ecclesiae‚
564 2442 731 2507 volumine
754 2443 811 2525 iij⁰‚
832 2449 885 2506 ca⁰
907 2441 1117 2524 sexagesimo
1143 2441 1203 2520 ix0,
1225 2452 1366 2506 testatur
1390 2442 1476 2505 bene
1498 2451 1532 2505 et
1555 2451 1644 2505 recte

292 2564 371 2645 quia
403 2563 514 2647 aliqua
548 2566 640 2628 Deus
669 2564 752 2648 ligat
781 2565 858 2646 quia
889 2563 1027 2627 ecclesia
1062 2584 1122 2626 sua
1154 2563 1244 2645 prius
1279 2562 1335 2626 illa
1370 2563 1552 2628 sentenciat
1585 2583 1642 2626 seu

291 2684 384 2766 ligat.
441 2685 518 2768 Ipse
554 2686 644 2748 enim
676 2686 792 2750 doctor
825 2683 997 2762 Walden¹‚
1032 2682 1233 2747 Oxoniensis
1268 2683 1454 2761 Cathedrae,
1484 2685 1518 2746 in
1552 2704 1646 2748 sacra

293 2803 462 2889 theologia
485 2807 615 2889 scripsit
639 2818 754 2871 contra
777 2805 916 2890 Wyclyl
937 2816 971 2870 et
997 2805 1072 2868 Hus
1097 2815 1131 2869 et
1157 2803 1357 2869 Ieronimum
1382 2805 1425 2868 de
1448 2805 1556 2887 Praga
1582 2805 1646 2869 tria

293 2927 470 3006 volumina,
487 2939 606 2992 vocata
629 2928 672 2991 ab
695 2929 766 3010 ipso
793 2926 975 2992 doctrinale
997 2927 1235 3009 antiquitatum
1262 2926 1416 3000 ecclesiae‚
1440 2936 1474 2991 et
1500 2927 1644 3009 primum

292 3048 448 3113 volumen
475 3060 525 3114 est
551 3051 594 3115 de
620 3049 757 3114 ecclesia
787 3061 820 3115 et
850 3051 893 3114 de
921 3049 991 3132 ejus
1022 3049 1179 3113 membris
1205 3059 1240 3113 et
1266 3049 1413 3113 continet
1440 3047 1513 3130 iiij⁰¹
1534 3047 1645 3126 libros,

294 3170 474 3235 secundum
495 3169 650 3234 volumen
669 3181 719 3235 est
740 3172 783 3234 de
804 3171 1015 3235 sacramentis
1036 3169 1192 3248 ecclesiae,
1207 3170 1379 3233 continens
1399 3190 1502 3234 unum
1524 3169 1645 3234 librum

293 3310 339 3355 sc.
362 3290 526 3373 quintum,
546 3301 580 3355 et
606 3301 651 3375 3¹³¹
674 3291 829 3356 volumen
856 3293 1003 3356 continet
1029 3313 1132 3355 unum
1158 3291 1288 3371 librum,
1312 3312 1356 3356 sc.
1380 3302 1515 3356 sextum
1541 3292 1647 3356 tocius

293 3411 411 3496 operis,
440 3420 475 3475 et
503 3421 554 3476 est
583 3413 626 3476 de
655 3413 947 3478 sacramentalibus
973 3412 1129 3478 ecclesiae.
1176 3412 1223 3478 Et
1255 3424 1402 3477 mortuus
1433 3423 1484 3478 est
1513 3414 1648 3498 quando

293 3532 356 3598 suit
378 3533 412 3597 in
435 3535 584 3616 partibus
611 3534 729 3599 Galliae
756 3557 832 3600 cum
855 3556 932 3619 rege
954 3534 1091 3619 Angliae
1113 3535 1234 3618 juvene
1259 3535 1406 3599 Henrico
1428 3544 1536 3611 sexto,
1560 3535 1647 3598 exis·

294 3665 370 3720 tens
392 3654 559 3720 confessor
581 3676 668 3735 suus,
691 3657 775 3721 sicut
797 3657 888 3740 prius
910 3657 971 3722 suit
993 3657 1160 3721 consessor
1182 3657 1285 3738 patris
1308 3657 1357 3721 sui
1382 3656 1519 3720 Henrici
1541 3657 1647 3740 quinti

297 3776 383 3862 regis
408 3776 552 3859 Angliae,
579 3787 613 3841 et
639 3777 738 3843 irater
763 3778 824 3843 luit
850 3779 975 3843 ordinis
1002 3778 1264 3858 Carmelitarum,
1291 3779 1348 3862 qui
1378 3780 1493 3843 dicunt
1522 3779 1648 3861 seipsos

295 3917 369 3961 esse
402 3897 601 3981 professores
632 3899 858 3963 essentialium
890 3900 1012 3983 regulae
1043 3901 1148 3966 sancti
1180 3901 1324 3965 doctoris
1358 3898 1470 3963 Basilii
1504 3900 1649 3965 doctoris

297 4016 415 4084 Graeci.

361 4179 438 4233 ¹For
459 4199 491 4235 an
513 4190 619 4236 account
641 4185 671 4235 os
688 4183 801 4235 Thomas
823 4184 912 4236 Netter
934 4185 964 4234 os
982 4184 1096 4243 Walden,
1119 4201 1160 4237 see
1183 4185 1299 4250 Shirley's
1318 4184 1457 4236 ‘Fasciculi
1477 4183 1650 4240 zizaniorum:

295 4262 390 4331 μὴ
772 4263 775 4268 ’
1481 4263 1483 4268 ’
