3818 4904
301 415 363 494 164
674 420 774 476 LOCI
799 421 830 475 E
858 419 983 474 LIBRO
1018 418 1278 476 VERITATUM.

299 637 360 701 Xti
395 655 485 714 1414,
516 635 638 719 incepit
671 636 845 701 concilium
883 655 1012 699 sacrum
1043 633 1317 708 Constanciense,
1347 633 1381 696 in
1410 633 1465 696 die
1492 630 1652 697 Omnium

299 756 507 832 Sanctorum,
534 766 568 821 et
591 767 668 839 post
697 756 836 821 tercium
862 755 933 837 ejus
960 755 1030 837 jam
1055 753 1258 836 completum
1284 773 1410 818 annum
1438 752 1502 817 suit
1530 751 1654 818 eleccio

299 896 396 959 papae
419 877 555 941 Martini
585 877 700 959 quinti,
729 897 817 959 papa
846 875 999 957 Johanne
1026 890 1068 957 23
1101 875 1254 955 deposito
1283 893 1371 938 anno
1394 871 1531 937 Domini
1561 883 1653 952 1415,

301 1007 377 1079 post
393 996 627 1062 Ponticostalia
646 996 739 1075 festa,
756 1005 790 1060 et
807 998 854 1060 sic
872 995 1020 1078 sequitur
1035 993 1208 1059 ecclesiam
1226 1003 1359 1077 pastore
1377 1015 1435 1058 seu
1451 1013 1540 1075 papa
1560 1012 1655 1057 caru·

297 1121 362 1183 isse
388 1138 447 1200 per
472 1118 557 1181 duos
582 1138 687 1181 annos
711 1126 745 1180 et
770 1117 879 1195 ultra3
909 1128 943 1181 et
969 1115 1100 1180 duravit
1122 1115 1237 1178 cisima
1263 1115 1296 1179 in
1322 1114 1459 1180 ecclesia
1484 1113 1653 1195 inceptum

298 1257 358 1319 per
379 1257 542 1301 recessum
566 1237 781 1302 cardinalium
803 1257 824 1300 a
846 1257 934 1320 papa
959 1236 1098 1301 Urbano
1126 1246 1234 1311 sexto,
1257 1254 1356 1319 quem
1380 1234 1443 1318 ipsi
1470 1233 1654 1299 cardinales

298 1355 462 1440 eligerunt
485 1367 520 1421 et
544 1366 792 1431 coronaverunt,
816 1357 903 1420 ultra
925 1374 966 1441 39
997 1376 1111 1434 annos,
1134 1377 1178 1421 sc.
1205 1357 1248 1419 ab
1275 1376 1363 1420 anno
1386 1354 1524 1419 Domini
1550 1354 1653 1418 nostri

296 1476 377 1558 Jesu
409 1477 469 1541 Xti
503 1476 597 1561 1378,
628 1480 661 1541 in
691 1477 804 1560 vigilia
831 1476 945 1541 Sancti
977 1476 1150 1541 Laurencii
1181 1475 1322 1540 martiris
1352 1496 1458 1558 usque
1489 1476 1534 1539 ad
1563 1474 1653 1538 diem

299 1595 413 1661 Sancti
439 1597 575 1661 Martini
596 1597 629 1661 in
651 1617 739 1662 anno
760 1596 895 1660 Domini
919 1610 1010 1677 1417.
1056 1596 1139 1660 Haec
1165 1597 1277 1659 omnia
1298 1604 1415 1678 patent
1436 1597 1471 1659 in
1493 1593 1578 1658 libro
1599 1594 1655 1659 De

297 1718 401 1799 gestis
425 1718 552 1782 concilii
568 1716 686 1795 Pisani,
701 1729 736 1782 et
754 1718 807 1781 De
827 1718 929 1800 gestis
952 1716 1080 1782 concilii
1097 1716 1373 1794 constanciensis,
1389 1726 1425 1781 et
1445 1724 1497 1780 est
1514 1715 1656 1798 praedic-

298 1849 352 1902 tus
372 1839 455 1902 liber
474 1840 614 1920 scriptus
636 1839 668 1901 in
685 1838 802 1919 papiro
823 1838 855 1900 in
877 1837 1016 1919 collegio
1032 1836 1223 1901 Dunelmiae
1246 1837 1280 1901 in
1296 1836 1451 1915 Oxonia;
1476 1835 1655 1920 praedictus

299 1958 388 2021 enim
419 1978 507 2040 papa
532 1956 701 2038 Johannes
722 1975 762 2039 23
793 1957 880 2022 clam
905 1957 1054 2040 fugiebat
1077 1979 1097 2021 a
1124 1957 1264 2022 concilio
1294 1956 1556 2035 Constanciensi,
1586 1976 1654 2020 non

298 2078 452 2141 obstante
476 2078 566 2160 quod
591 2098 679 2140 anno
707 2077 823 2158 quinto
847 2077 896 2140 sui
923 2078 1136 2160 pontificatus
1162 2099 1220 2142 seu
1243 2079 1388 2141 Romani
1412 2086 1554 2162 papatus
1576 2077 1654 2141 lecit

297 2197 424 2261 bullam
451 2218 545 2261 suam
572 2196 790 2273 constanciae,
816 2198 970 2261 omnibus
1000 2200 1158 2263 universis
1185 2199 1247 2264 Xti
1273 2198 1426 2264 fidelibus
1452 2207 1487 2263 et
1516 2198 1653 2272 caeteris,

297 2318 331 2381 in
355 2339 422 2401 qua
444 2318 535 2382 bulla
559 2318 647 2381 idern
668 2315 838 2398 Johannes
858 2338 946 2400 papa
969 2319 1099 2402 scripsit
1122 2320 1195 2384 haec
1218 2320 1340 2385 verba:
1368 2320 1461 2402 ‘Ego
1482 2318 1654 2400 Johannes

297 2459 386 2521 papa
410 2455 462 2522 23,
493 2448 629 2521 propter
658 2439 803 2520 quietem
838 2439 944 2502 tocius
973 2440 1087 2523 populi
1124 2441 1249 2517 Xtiani,
1279 2440 1436 2523 profiteor
1471 2449 1589 2523 sponte
1618 2447 1654 2503 et

297 2559 400 2623 libere
432 2560 512 2622 dare
546 2579 662 2641 pacem
693 2559 754 2640 ipsi
792 2558 938 2622 ecclesiae
968 2580 1027 2642 per
1059 2561 1146 2624 viam
1186 2582 1269 2624 meae
1306 2559 1464 2643 simplicis
1495 2558 1654 2624 cessionis

297 2690 449 2762 papatus,
467 2689 501 2745 et
524 2700 599 2742 eam
618 2679 726 2743 facere
751 2689 784 2742 et
808 2678 990 2761 adimplere
1012 2701 1088 2744 cum
1107 2681 1235 2759 effectu,
1256 2681 1357 2764 juxta
1378 2681 1654 2745 deliberationem

297 2800 470 2882 praesentis
499 2799 636 2879 concilii,
662 2820 707 2863 sc.
736 2797 1021 2865 Constanciensis!
1077 2801 1163 2866 Haec
1195 2802 1353 2885 praedicta
1382 2801 1484 2866 verba
1512 2810 1590 2867 sunt
1619 2801 1654 2865 in

297 2919 354 2983 illa
377 2920 468 2984 bulla
491 2941 587 3004 papae
610 2920 773 3002 Johannis
794 2920 889 3003 xxiij,
909 2941 1009 3003 quam
1031 2921 1099 2985 vidi
1126 2923 1158 2986 in
1186 2924 1347 3006 praedicto
1369 2922 1453 2987 libro
1475 2922 1530 2986 De
1551 2922 1655 3007 gestis

298 3038 566 3105 Constanciensis
590 3040 726 3115 concilii,
746 3051 780 3106 et
804 3050 898 3124 patet
919 3042 1025 3106 eciam
1049 3042 1081 3105 in
1106 3042 1163 3107 illa
1185 3043 1278 3107 bulla
1302 3064 1397 3128 papae
1420 3042 1582 3124 Johannis
1601 3059 1653 3126 23,

297 3162 388 3244 quod
413 3161 484 3243 ipse
513 3171 593 3226 tunc
615 3183 704 3245 papa
733 3161 981 3227 universitatem
1011 3164 1140 3228 concilii
1169 3163 1436 3231 Constanciensis
1466 3162 1655 3245 requirebat

296 3290 331 3347 et
348 3280 544 3346 hortabatur
566 3281 599 3346 in
621 3281 777 3358 Domino,
799 3284 890 3365 quod
913 3283 1048 3348 Petrum
1070 3284 1113 3348 de
1136 3284 1241 3364 Luna,
1265 3285 1483 3350 Benedictum
1504 3282 1596 3366 xiijm,
1620 3292 1655 3347 et

296 3401 467 3485 Angelum
498 3403 541 3466 de
567 3401 722 3482 Coriari0,
750 3402 946 3485 Gregorium
971 3403 1051 3486 xijm,
1081 3425 1222 3487 quorum
1252 3415 1392 3488 uterque
1422 3404 1456 3468 in
1486 3424 1547 3467 sua
1575 3404 1655 3467 obe·

294 3523 425 3589 diencia
458 3525 717 3606 nuncupabatur,
743 3525 788 3589 ad
817 3525 942 3588 dictam
973 3546 1090 3608 pacem
1119 3526 1305 3605 invitarent,
1334 3535 1369 3590 et
1402 3526 1507 3591 eciam
1537 3543 1653 3587 eorum

294 3644 515 3722 obedientias,
534 3654 568 3710 et
591 3645 697 3709 eciam
719 3645 809 3727 quod
832 3643 914 3709 illud
938 3646 1112 3712 concilium
1135 3647 1285 3713 similiter
1307 3647 1478 3711 induceret
1499 3655 1534 3710 et
1556 3643 1655 3709 affec·

296 3765 431 3829 tualiter
457 3765 568 3830 induci
594 3775 783 3850 procuraret
807 3766 1025 3830 Benedictum
1048 3767 1132 3850 xiijm
1157 3769 1200 3832 ad
1230 3767 1319 3832 viam
1349 3777 1475 3831 mutuae
1498 3766 1655 3830 cessionis

296 3885 433 3951 celerius
456 3889 672 3969 exequendae.
719 3887 897 3969 Gregorius
920 3889 1008 3952 enim
1035 3888 1081 3971 xij
1103 3898 1230 3972 postea,
1245 3910 1306 3973 per
1325 3910 1403 3954 suos
1427 3895 1655 3972 procuratores

297 4005 516 4086 Constanciae,
537 4019 698 4091 papatum
714 4029 811 4072 suum
828 4009 952 4073 ibidem
974 4009 1007 4072 in
1022 4010 1162 4074 concilio
1181 4011 1369 4094 resignavit.
1404 4010 1520 4074 Petrus
1540 4017 1655 4073 autem

295 4128 339 4191 de
364 4128 470 4206 Luna,
498 4128 625 4195 habens
648 4129 854 4212 Aragoniam
878 4130 911 4194 in
934 4151 994 4194 sua
1019 4131 1225 4208 obediencia,
1250 4152 1310 4196 nec
1337 4152 1398 4215 per
1423 4131 1569 4213 seipsum
1594 4147 1655 4192 nec

294 4269 356 4332 per
384 4250 522 4315 nuncios
554 4272 744 4335 comparere
770 4251 980 4317 Constanciae
1005 4252 1132 4332 voluit3
1166 4252 1222 4318 ille
1251 4253 1340 4319 enim
1367 4251 1568 4318 Benedictus
1593 4247 1653 4330 xiij
