3818 4904
646 452 746 507 LOCI
771 453 800 505 E
829 452 953 506 LIBRO
988 452 1245 509 VERITATUM.
1561 466 1618 509 101

273 671 447 756 episcopus
466 673 678 756 Ypponensis
692 673 860 755 quondam
883 671 917 735 in
939 671 1077 736 Afsrica.
1123 672 1184 736 Ille
1206 673 1294 735 enim
1317 671 1427 737 Pecok
1451 675 1624 759 episcopus

273 792 460 874 praedictus,
484 793 541 876 qui
563 792 650 858 dixit
674 800 708 855 et
734 793 871 875 scripsit,
896 793 930 855 in
952 792 1034 856 libro
1057 793 1110 856 De
1134 792 1224 871 Fide,
1246 802 1340 875 parte
1362 795 1477 875 prima,
1498 801 1560 858 ca0.
1577 803 1622 879 3⁰,

177 944 180 959 ·
273 913 363 996 quod
380 913 413 976 in
429 913 527 977 dictis
543 911 692 995 Gregorii
710 922 787 977 sunt
801 913 921 977 diversi
943 912 1100 987 defectus,
1117 922 1151 977 et
1166 913 1255 994 quod
1271 913 1361 976 dicta
1381 933 1441 977 sua
1458 913 1570 997 aliqua
1590 918 1624 980 in

275 1032 408 1098 Omelia
425 1032 481 1099 26⁸
501 1052 566 1096 non
588 1033 685 1096 simul
707 1042 804 1111 stant,
821 1033 908 1096 dixit
928 1042 963 1097 et
982 1033 1112 1116 scripsit
1127 1034 1160 1096 in
1180 1032 1244 1096 hoc
1263 1031 1361 1097 valde
1382 1033 1500 1097 falsum
1516 1046 1552 1101 et
1570 1057 1624 1100 su·

273 1155 421 1236 perbum,
433 1163 466 1218 et
481 1155 528 1218 sic
543 1154 685 1218 dicendo
701 1164 735 1218 et
750 1153 924 1218 scribendo
939 1154 1087 1217 ostendit
1101 1174 1137 1217 se
1148 1153 1245 1217 valde
1260 1174 1417 1236 usurpare
1433 1164 1467 1218 et
1483 1157 1624 1239 superbe

271 1273 421 1355 judicare
436 1274 479 1338 de
494 1274 591 1338 dictis
606 1283 641 1339 et
656 1273 785 1356 scriptis
800 1282 989 1338 sanctorum
1005 1274 1187 1351 doctorum,
1202 1294 1341 1355 quorum
1357 1274 1459 1338 vitam
1475 1285 1623 1342 sanctam

274 1404 309 1459 et
325 1393 546 1459 excellentem
562 1394 745 1458 doctrinam
762 1403 795 1458 et
810 1394 986 1459 scienciam
1001 1402 1035 1457 et
1050 1393 1151 1457 fidem
1164 1393 1328 1457 Dominus
1344 1395 1436 1458 Deus
1451 1396 1623 1460 confirma-

273 1517 322 1579 vit
337 1535 410 1578 esse
424 1534 510 1592 vera,
526 1515 741 1596 sequentibus
756 1515 858 1597 signis
875 1525 909 1579 et
925 1514 1097 1591 miraculis,
1110 1522 1144 1577 et
1159 1514 1262 1576 eciam
1279 1514 1472 1578 universalis
1486 1517 1624 1583 ecclesia

274 1644 307 1700 et
330 1635 458 1700 concilii
480 1634 643 1719 generalis
662 1636 842 1714 decretum,
858 1635 947 1717 quod
970 1644 1021 1698 est
1040 1643 1093 1714 15⁸
1112 1634 1307 1697 distincione
1322 1638 1453 1700 ‘sancta
1469 1636 1623 1702 Romana

272 1755 429 1820 ecclesia!
484 1756 530 1820 Et
557 1756 661 1819 eciam
692 1755 740 1818 illi
770 1755 875 1820 sancti
898 1755 944 1818 dii
971 1754 1131 1831 dicuntur,
1159 1754 1192 1816 in
1218 1756 1467 1836 comparacione
1492 1757 1536 1821 ad
1563 1778 1623 1822 nos

272 1876 423 1940 homines
447 1896 513 1938 non
534 1878 580 1940 sic
602 1885 743 1953 sanctos,
765 1886 798 1940 et
820 1876 884 1939 hoc
908 1884 1042 1959 propter
1063 1894 1177 1939 eorum
1202 1873 1422 1939 excellentem
1444 1877 1622 1942 scienciam

272 2005 306 2060 et
334 1996 409 2061 Deo
438 1996 625 2078 placentem
649 1997 764 2060 vitam.
818 1997 906 2060 Item
935 2004 1071 2077 propter
1099 2014 1213 2059 eorum
1239 1995 1382 2078 graciam
1408 2016 1564 2080 magnam
1589 2008 1623 2063 et

271 2117 417 2182 divinam
441 2116 488 2180 eis
510 2116 759 2181 revelacionem.
805 2115 893 2181 Item
916 2123 1051 2199 propter
1071 2135 1183 2178 eorum
1203 2113 1424 2180 excellentem
1446 2118 1623 2183 scienciam

271 2250 306 2305 et
330 2237 573 2321 experienciam
593 2238 792 2302 diuturnam.
845 2236 947 2300 Tales
973 2237 1128 2300 doctores
1152 2235 1277 2299 debent
1299 2235 1440 2317 judicari
1464 2259 1524 2321 per
1545 2261 1624 2305 suos

272 2379 376 2442 pares,
401 2359 421 2424 i.
432 2382 460 2424 e.
484 2358 587 2423 sancti
611 2380 671 2442 per
688 2358 771 2423 alios
795 2366 936 2435 sanctos,
958 2356 1043 2421 sicut
1066 2356 1192 2420 domini
1215 2356 1421 2438 parliamenti
1442 2359 1475 2421 in
1498 2359 1624 2443 Anglia

268 2478 459 2561 judicantur
473 2500 532 2562 per
553 2501 630 2543 suos
653 2501 748 2562 pares
762 2504 770 2558 3
794 2488 828 2543 et
843 2479 934 2543 dicta
951 2486 1140 2542 sanctorum
1156 2486 1188 2539 et
1207 2477 1328 2558 scripta
1346 2488 1423 2542 sunt
1438 2480 1624 2562 approbata

265 2609 306 2665 et
332 2600 478 2682 allegata
504 2621 564 2681 per
589 2600 806 2664 universalem
831 2599 1002 2663 ecclesiam
1030 2597 1093 2660 Dei
1106 2619 1114 2676 ;
1140 2596 1214 2660 ideo
1244 2617 1310 2660 non
1337 2607 1388 2661 est
1413 2598 1537 2663 bonum
1564 2603 1622 2666 sed

272 2719 396 2785 malum
421 2722 573 2786 recedere
597 2744 617 2785 a
644 2722 755 2785 studio
779 2719 910 2784 illorum
932 2730 965 2784 et
992 2719 1068 2794 tide,
1086 2726 1120 2781 et
1146 2717 1328 2782 consentire
1350 2719 1447 2783 dictis
1470 2731 1503 2784 et
1527 2720 1623 2787 sactis

271 2841 420 2923 praedicti
451 2841 561 2905 Pecok
592 2843 745 2924 episcopi,
773 2841 830 2923 qui
869 2861 934 2904 non
965 2838 1066 2903 habet
1095 2838 1330 2916 testimonium,
1361 2848 1398 2903 ut
1427 2843 1533 2906 sancti
1563 2844 1622 2906 viri

272 2961 405 3037 habent,
431 2982 535 3025 neca
566 2962 640 3025 Deo
667 2982 727 3025 nec
757 2962 800 3025 ab
827 2961 964 3025 ecclesia
993 2957 1163 3023 catholica.
1217 2957 1361 3040 Quando
1388 2960 1476 3024 enim
1503 2962 1622 3041 Pecolr‚

275 3082 453 3165 praedictus
465 3081 632 3157 Wallicus‚
647 3082 734 3145 dixit
749 3081 839 3163 quod
853 3080 996 3181 Sanctus
1008 3078 1185 3162 Gregorius
1196 3079 1314 3144 erravit
1329 3080 1478 3158 dicend0‚
1491 3082 1623 3148 Omelia

270 3224 331 3269 sua
348 3202 410 3282 26⁸,
426 3202 547 3266 ‘Fides
568 3201 752 3267 nonhabet
772 3204 925 3267 meritum
943 3203 994 3265 cui
1010 3201 1097 3264 racio
1112 3199 1257 3264 humana
1271 3200 1399 3283 praebet
1415 3205 1622 3285 experimen-

271 3320 363 3399 tum,’
378 3323 486 3405 potuit
508 3323 648 3387 honeste
672 3333 707 3387 et
730 3333 844 3406 aperte
859 3322 1026 3389 declarare
1047 3322 1220 3386 veritatem
1235 3321 1331 3404 hujus
1347 3322 1434 3402 dicti,
1450 3334 1484 3388 et
1507 3345 1622 3389 sanam

271 3453 417 3509 mentem
440 3453 474 3508 et
496 3443 701 3508 intellectum
724 3444 815 3509 beati
838 3443 996 3527 Gregorii,
1012 3443 1078 3525 qui,
1094 3441 1166 3506 haec
1186 3443 1366 3521 scribend0,
1381 3444 1509 3528 scripsit
1524 3445 1622 3511 valde

268 3585 394 3639 verum,
411 3574 447 3628 ut
462 3565 581 3630 diversi
601 3566 755 3630 doctores
777 3575 925 3630 sanctam
946 3533 1093 3629 mentem
1109 3572 1143 3627 et
1159 3564 1321 3628 intentum
1339 3564 1454 3629 Sancti
1471 3565 1620 3650 Gregorii

269 3686 528 3763 declaraverunt,
548 3697 581 3752 et
600 3709 667 3751 non
683 3688 961 3771 vituperaverunt.
1007 3687 1107 3764 Nota,
1122 3687 1303 3750 secundum
1321 3687 1491 3750 doctorem
1513 3688 1621 3751 solen·

270 3829 346 3872 nem
367 3808 564 3891 Magistmm
582 3809 765 3873 Henricum
788 3809 831 3872 de
850 3808 1011 3872 Gandavo
1034 3809 1067 3871 in
1089 3828 1149 3870 sua
1165 3806 1313 3886 Summa,
1329 3817 1363 3870 et
1385 3828 1444 3890 per
1459 3803 1620 3872 Sanctum

268 3928 436 3993 Thomam
451 3931 495 3993 de
511 3928 657 4012 Aquin0,
677 3937 718 4008 2⁸,
732 3940 780 4007 2²,
797 3929 901 3993 Racio
917 3929 1142 3993 consideratur
1157 3927 1339 4010 dupliciter,
1354 3949 1399 3993 sc.
1411 3937 1447 3991 ut
1463 3929 1621 4010 praecedit

273 4050 384 4129 fidem,
407 4059 442 4114 et
467 4058 504 4113 ut
531 4050 686 4131 sequitur.
733 4050 838 4115 Racio
864 4051 1022 4132 praecedit
1046 4049 1156 4128 fidem,
1182 4051 1315 4131 quando
1337 4048 1438 4112 homo
1461 4070 1527 4112 non
1549 4049 1620 4116 vult

269 4172 403 4235 credere
427 4169 473 4233 illi
495 4171 669 4234 assercioni
686 4192 760 4252 quae
785 4192 851 4234 non
866 4172 1026 4254 probatur
1051 4171 1111 4234 sibi
1137 4190 1209 4234 esse
1228 4191 1303 4233 vera
1323 4191 1382 4254 per
1403 4170 1619 4235 sufficientem

272 4290 456 4356 naturalem
473 4292 646 4356 racionem.
692 4291 748 4357 Sic
769 4293 857 4357 enim
876 4293 1043 4357 adhaerere
1064 4292 1146 4357 fides
1167 4312 1233 4358 non
1252 4302 1302 4358 est
1320 4291 1495 4357 meritoria.
1539 4291 1621 4356 Alio
