3818 4904
675 439 774 495 LOCI
799 440 830 492 E
857 439 983 494 LIBRO
1018 436 1275 492 VERITATUM.
1592 443 1652 505 149

269 725 272 734 ¹
298 662 335 717 et
366 653 477 734 plures
512 651 640 714 animas
674 652 776 722 verbo
809 662 842 715 et
878 651 1035 734 exemplo
1067 651 1155 713 bono
1192 650 1266 712 Deo
1300 646 1520 728 adquirerent,
1552 666 1653 727 quam

300 794 417 836 omnes
439 772 498 847 illi,
513 782 547 835 et
567 771 742 835 verisimile
763 783 822 850 est,
838 771 959 853 quibus
982 771 1120 835 ecclesia
1142 771 1199 834 illa
1221 769 1471 852 appropriatur3
1499 778 1533 832 et
1549 768 1653 832 eciam

302 894 329 956 si
356 904 465 957 rector
486 892 572 955 bene
598 893 632 955 in
659 912 737 956 cura
759 913 820 956 sua
842 893 1006 970 resideret,
1029 903 1063 956 et
1088 892 1177 955 bona
1199 900 1329 956 terrena
1356 910 1486 972 magnae
1509 889 1654 953 ecclesiae

302 1025 392 1078 recte
414 1015 629 1096 expenderet,
645 1025 724 1079 tunc
746 1013 872 1096 majora
894 1015 982 1076 bona
1005 1024 1039 1077 et
1062 1014 1155 1095 plura
1178 1013 1294 1076 fierent
1315 1013 1347 1074 in
1371 1011 1461 1074 mille
1481 1010 1655 1074 animabus

302 1154 437 1198 suorum
473 1134 746 1215 parochianorum
782 1154 841 1215 per
878 1134 1027 1209 verbum,
1065 1133 1267 1215 exemplum,
1302 1143 1336 1197 et
1375 1152 1435 1214 per
1473 1130 1655 1194 subsidium

302 1257 417 1331 curati,
438 1275 540 1337 quam
564 1256 740 1319 verisimile
764 1257 926 1337 estquod
947 1255 1030 1319 fiunt
1055 1255 1108 1318 vel
1129 1255 1210 1318 fient
1234 1255 1267 1316 in
1288 1253 1360 1331 illis,
1377 1253 1496 1335 quibus
1518 1252 1656 1316 ecclesia

301 1385 355 1440 ost
380 1375 612 1458 appropriata?
658 1376 755 1450 Item,
778 1376 859 1440 talia
882 1376 952 1439 fieri
975 1377 1059 1439 inter
1081 1375 1298 1456 parochianos
1325 1384 1375 1438 est
1401 1393 1483 1456 opus
1506 1373 1656 1436 debitum

303 1506 337 1560 et
360 1497 408 1561 eis
430 1497 518 1572 utile,
539 1498 615 1578 quia
638 1518 704 1560 non
727 1496 834 1560 solum
858 1496 895 1561 fit
918 1507 997 1560 tunc
1019 1496 1144 1559 bonum
1167 1516 1227 1577 pro
1250 1496 1305 1572 eis,
1328 1495 1386 1558 sed
1410 1495 1465 1572 eis,
1489 1503 1523 1557 et
1546 1513 1656 1556 coram

301 1616 360 1692 eis,
391 1637 450 1699 per
482 1628 632 1681 curatum
670 1638 776 1694 suum,
806 1638 866 1699 per
895 1638 993 1698 quem
1024 1617 1250 1680 accenduntur
1279 1616 1322 1679 ad
1352 1615 1476 1679 bonum
1507 1614 1657 1678 fiundu'm

303 1738 404 1801 verbo
430 1748 464 1802 et
488 1738 655 1820 exemplo.
701 1739 797 1812 Item,
822 1736 1011 1820 parochiani
1035 1738 1117 1800 dant
1140 1736 1285 1800 decimas
1308 1757 1384 1799 suas
1406 1745 1440 1800 et
1462 1735 1657 1811 oblationes

304 1866 341 1920 ut
372 1858 460 1921 bona
490 1878 592 1939 opera
621 1858 804 1940 spiritualia
834 1867 868 1920 et
899 1858 1081 1921 necessaria
1113 1877 1224 1919 eorum
1256 1857 1353 1922 saluti
1384 1857 1509 1932 fierent,
1538 1855 1596 1927 eis,
1624 1864 1658 1917 et

304 1996 364 2059 pro
390 1978 446 2055 eiS,
472 1998 532 2059 per
557 1989 716 2055 curatum,
742 1979 798 2060 qui
829 1999 886 2041 eas
916 1978 1040 2060 recipit,
1066 1987 1101 2041 et
1131 1977 1177 2041 sic
1204 1979 1308 2041 curati
1337 1976 1463 2042 habent
1489 1977 1574 2042 tales
1600 1977 1659 2039 de·

304 2098 407 2160 cimas
437 2119 481 2161 ex
510 2099 625 2162 debito
655 2099 739 2180 legis
769 2109 803 2162 et
833 2120 877 2162 ex
908 2099 1096 2162 intencione
1123 2098 1197 2172 Dei,
1223 2100 1279 2180 qui
1309 2119 1364 2162 eas
1394 2120 1454 2181 pro
1480 2098 1538 2161 tali
1569 2096 1658 2161 l'acto

304 2218 375 2287 dari
411 2219 570 2300 praecipit.
630 2219 700 2281 Alii
736 2229 856 2296 autem,
892 2219 1010 2300 quibus
1046 2219 1184 2282 decimae
1224 2220 1369 2283 ecclesiae
1406 2220 1660 2302 appropriantur

305 2347 401 2402 extra
438 2337 638 2421 parochiam,
669 2339 795 2403 habent
832 2339 905 2402 illas
940 2339 1086 2402 decimas
1120 2360 1163 2402 ex
1196 2340 1331 2402 licencia
1363 2360 1468 2421 papae,
1498 2349 1658 2422 tanquam

305 2478 467 2540 pauperes
500 2458 718 2522 elemosinarii
751 2459 882 2523 illorum
918 2459 1201 2541 parochianorum.
1262 2458 1330 2523 Sed
1365 2461 1486 2536 videte,
1516 2481 1558 2522 ne
1586 2459 1658 2524 haec

306 2578 441 2643 licencia
466 2589 575 2642 vestra
603 2580 838 2644 offendiculum
865 2591 899 2644 et
924 2589 1160 2643 nocumentum
1184 2579 1241 2643 fiat
1268 2580 1405 2643 infirmis
1429 2580 1602 2644 animabus
1624 2590 1659 2644 et

306 2699 521 2782 parochianis.
567 2699 598 2764 Ο
630 2700 776 2764 Domine
808 2701 918 2764 Deus!
954 2700 1075 2764 inclina
1105 2721 1161 2763 cor
1190 2720 1296 2783 papoe,
1325 2701 1435 2764 vicarii
1465 2701 1523 2776 tui,
1554 2721 1658 2764 reme·

305 2819 397 2884 diare
426 2819 515 2884 mala
540 2842 615 2902 quae
645 2822 840 2904 perveniunt
869 2841 928 2904 per
957 2821 1263 2903 appropriacionem
1291 2821 1510 2900 ecclesiarum,
1537 2831 1571 2886 et
1601 2843 1661 2904 per

307 2960 374 3004 non
404 2941 620 3005 residentiam
650 2942 812 3005 bonorum
842 2951 1030 3006 curatorum
1061 2942 1094 3004 in
1125 2942 1260 3005 eisdem.
1314 2942 1392 3024 Jam
1423 2943 1511 3006 enim
1541 2964 1661 3026 appro-

307 3061 447 3144 pinquat
462 3070 595 3144 tempus
611 3062 643 3124 in
659 3061 785 3145 Anglia
800 3084 867 3144 quo
882 3063 1019 3140 dicetur,
1034 3061 1143 3125 ‘Olim
1159 3062 1290 3126 luerunt
1310 3073 1454 3128 rectores
1475 3065 1508 3127 in
1523 3063 1660 3147 Anglia,

308 3192 343 3245 et
366 3180 437 3263 jam
464 3191 541 3246 sunt
568 3183 714 3247 ecclesiae
741 3183 890 3262 ruinosae,
915 3183 1004 3246 unde
1025 3183 1084 3245 viri
1111 3183 1248 3247 litterati
1271 3204 1337 3247 non
1360 3193 1499 3273 possunt
1521 3183 1661 3249 honeste

308 3302 418 3364 vivere
439 3312 473 3366 et
488 3303 571 3365 alios
587 3303 765 3366 exhibere!
809 3303 840 3368 Ο
858 3303 968 3368 Deusl
992 3304 1130 3368 benedic
1146 3305 1318 3369 dominum
1335 3305 1501 3369 Thomam
1519 3303 1662 3387 Cumyr-

308 3423 423 3501 wurth,
447 3424 586 3488 militem
610 3424 849 3488 Lincolniensis
871 3425 1049 3502 dioceseos
1072 3426 1138 3506 qui,
1161 3445 1220 3507 pro
1242 3446 1354 3489 amore
1377 3436 1435 3489 tuo
1462 3437 1496 3490 et
1519 3427 1662 3491 utilitate

308 3544 501 3617 animarum,
530 3545 623 3609 dedit
653 3556 756 3609 terras
789 3555 823 3608 et
854 3556 1046 3609 tenementa
1072 3546 1208 3608 diversis
1242 3546 1387 3610 ecclesiis
1413 3545 1662 3629 parochialibus,

309 3685 384 3747 quae
414 3665 646 3730 insufficientes
676 3666 807 3745 suerunt
837 3668 880 3729 ad
911 3666 1093 3730 necessaria
1124 3668 1236 3744 curati,
1267 3677 1303 3730 ut
1333 3667 1435 3731 curati
1468 3669 1501 3729 in
1536 3668 1661 3731 eisdem

306 3785 378 3868 jam
407 3786 516 3850 vivere
546 3796 775 3868 competenter
807 3797 952 3869 possent.
1002 3787 1033 3852 Ο
1064 3808 1166 3869 quam
1199 3789 1352 3852 meritum
1383 3809 1479 3871 papae
1509 3799 1605 3867 esset,
1635 3790 1663 3852 si

309 3905 477 3988 superflua
499 3905 642 3988 plurium
665 3907 812 3971 locorum
840 3918 874 3972 et
901 3910 1109 3971 mitratorum
1132 3908 1253 3972 faceret
1281 3910 1364 3972 uniri
1388 3908 1567 3973 rectoribus
1593 3910 1663 3974 ani·

310 4047 440 4090 marum
466 4027 603 4103 devotis,
629 4038 663 4092 et
690 4050 747 4093 eos
773 4029 936 4113 obligaret
960 4030 1003 4093 ad
1030 4030 1178 4093 debitam
1206 4040 1239 4093 et
1269 4031 1312 4093 ad
1343 4031 1560 4094 necessariam
1587 4031 1664 4095 resi-

309 4147 462 4210 denciam
493 4149 526 4211 in
556 4169 632 4213 cura
662 4170 730 4229 sua,
756 4151 817 4214 sub
848 4171 969 4232 magna
1000 4158 1118 4232 poenal
1164 4151 1347 4214 ‘Dominus
1378 4152 1465 4215 enim
1496 4152 1665 4217 transtulit

311 4289 447 4353 regnum
475 4271 517 4332 de
548 4267 666 4347 manu,’
692 4273 750 4335 ie.
778 4273 821 4336 de
851 4272 1060 4354 proprietate,
1090 4272 1227 4350 ‘Saulis
1253 4283 1286 4336 et
1313 4273 1406 4338 dedit
1432 4272 1525 4336 illum
1553 4273 1663 4337 David
