3818 4904
694 426 792 480 LOCI
819 426 847 478 E
877 425 1000 478 LIBRO
1037 424 1294 479 VERITATUM.
1624 418 1664 498 85
1708 496 1713 509 ι

312 643 437 724 judicat
464 652 498 706 et
525 642 715 714 sentenciat‚
746 643 823 722 quia
850 651 906 703 tua
932 640 1099 703 sentencia
1127 641 1302 703 conformis
1330 651 1416 704 esset
1443 662 1517 704 curn
1547 643 1666 706 divina.

315 765 400 828 Haec
425 762 567 827 Sanctus
592 763 719 824 Bedam
743 758 824 846 (sic),
854 781 953 843 opere
976 782 1037 823 suo
1060 781 1157 843 super
1175 761 1283 825 Actus
1303 762 1543 843 Apostolorum
1568 765 1667 826 misso

314 884 439 949 Sancto
458 882 569 959 Accae,
593 883 749 966 episcopo
772 880 1062 963 Augustaldensis,
1087 882 1107 942 i.
1121 902 1148 945 e.
1173 881 1317 960 Exham,
1341 904 1415 964 quae
1439 893 1488 947 est
1511 885 1544 946 in
1570 884 1669 946 Boria

313 1005 458 1087 Angliae.
506 1004 627 1085 Quaere
655 1022 733 1084 ergo
758 1001 934 1082 diligenter
960 1022 1036 1065 cum
1064 1001 1192 1082 Moyse,
1216 1004 1258 1065 ad
1286 1003 1419 1066 archam
1444 1025 1543 1067 sacrae
1567 1006 1667 1086 scrip·

313 1136 405 1203 turae,
425 1145 499 1207 quae
525 1124 567 1186 sit
594 1122 747 1185 voluntas
771 1122 834 1184 Dei
860 1122 948 1184 bona
972 1131 1005 1185 et
1029 1122 1182 1203 perlecta,
1207 1133 1242 1186 ut
1265 1124 1416 1187 absolvas
1439 1146 1537 1206 quem
1563 1124 1669 1188 credis

315 1247 453 1328 dignum
480 1265 499 1307 a
528 1244 602 1305 Deo
625 1242 774 1318 absolvi3
798 1252 832 1305 et
855 1263 965 1323 quaere
989 1264 1008 1304 a
1032 1244 1217 1324 poenitente
1238 1253 1362 1306 statum
1386 1266 1453 1307 suae
1477 1245 1669 1320 voluntatis,

314 1386 357 1429 an
383 1365 462 1429 velit
489 1365 647 1427 ammodo
672 1383 741 1425 non
765 1383 909 1444 peccare,
938 1373 971 1426 et
994 1384 1036 1425 an
1059 1384 1135 1426 vere
1158 1363 1237 1427 velit
1261 1374 1294 1427 et
1317 1365 1471 1447 proponit
1493 1375 1586 1429 actus
1612 1367 1670 1430 de·

314 1487 404 1550 bitos
427 1485 542 1562 facere,
569 1504 652 1565 quos
682 1493 814 1547 tenetur
840 1482 947 1546 facere
973 1485 1154 1546 secundum
1185 1485 1392 1565 exigenciam
1424 1488 1549 1567 peccati
1580 1487 1670 1567 quod

315 1607 400 1683 fecit,
426 1616 458 1669 et
489 1604 669 1667 secundum
696 1603 903 1684 exigenciam
932 1604 1027 1667 officii
1059 1605 1107 1666 sui
1135 1614 1168 1668 et
1195 1625 1352 1685 personae,
1381 1606 1459 1687 quia
1489 1607 1670 1669 secundum

316 1726 541 1791 diversitatem
573 1722 678 1806 culpae
704 1733 753 1786 est
784 1723 896 1786 debita
921 1725 1093 1787 diversitas
1117 1734 1210 1787 actus
1241 1725 1457 1789 satisfactorii.
1515 1726 1672 1790 infundat

316 1849 454 1931 quisque
485 1849 558 1929 pius
582 1846 749 1909 consessor
778 1847 889 1908 viuum
922 1855 955 1908 et
985 1846 1104 1923 oleum,
1135 1846 1154 1909 i.
1172 1868 1199 1909 e.
1229 1847 1384 1910 ostendat
1414 1857 1506 1910 actus
1530 1847 1671 1927 justiciae

311 1969 447 2046 debita,
473 1976 506 2031 et
530 1976 624 2030 actus
651 1967 891 2044 misericordiae,
919 1965 1055 2029 infinitae
1082 1967 1241 2030 bonitatis
1268 1967 1341 2044 Dei,
1367 1968 1423 2048 qui
1455 1988 1535 2029 mox
1566 1968 1672 2032 aufert

316 2091 514 2173 iniquitates,
538 2089 641 2151 donat
666 2089 807 2159 veniam,
838 2087 926 2150 dona
956 2087 1083 2151 consert
1112 2089 1264 2169 gratuite,
1289 2098 1321 2151 et
1353 2088 1439 2151 mala
1470 2089 1578 2170 priora
1608 2111 1672 2153 non

317 2213 530 2293 improperat,
559 2220 592 2273 et
616 2230 700 2291 quos
726 2209 846 2272 abduci
874 2210 906 2270 in
933 2209 986 2271 via
1013 2208 1154 2272 ducente
1181 2209 1224 2272 ad
1255 2209 1374 2272 inseros
1401 2209 1491 2291 juste
1516 2213 1672 2292 permisit,

317 2333 378 2396 hos
400 2333 552 2415 gratuite,
572 2352 646 2395 cum
661 2330 740 2405 vult,
758 2340 791 2394 et
815 2331 1116 2394 misericordissime
1139 2330 1171 2393 in
1187 2330 1248 2393 viis
1264 2331 1337 2408 Dei,
1353 2332 1372 2393 i.
1386 2351 1412 2393 e.
1430 2331 1463 2392 in
1483 2351 1582 2413 opera
1600 2332 1674 2396 Deo

317 2455 488 2537 placentes
509 2450 580 2538 (sic)
604 2454 739 2527 reducit,
760 2462 794 2516 et
816 2472 927 2516 secum
951 2453 984 2515 in
1007 2462 1204 2534 perpetuum
1228 2461 1371 2526 coronat,
1395 2462 1428 2515 et
1450 2453 1495 2515 sic
1519 2453 1674 2516 ‘deducis

319 2576 361 2639 ad
383 2575 503 2639 inferos
526 2585 559 2638 et
580 2571 727 2652 reduciS,’
750 2574 856 2656 inquit
871 2574 984 2649 Anna,
1005 2577 1112 2655 primo
1130 2574 1261 2655 Regum
1280 2581 1332 2650 2⁰3
1359 2595 1435 2637 vera
1458 2575 1544 2637 enim
1569 2575 1674 2655 poeni·

319 2698 428 2760 tencia
452 2706 501 2760 est
524 2695 757 2759 abhominacio
781 2696 908 2776 peccati
937 2715 1012 2758 cum
1039 2705 1117 2757 voto
1144 2696 1290 2771 cavendi,
1314 2694 1500 2773 confitendi,
1524 2706 1556 2758 et
1580 2696 1674 2758 satis·

321 2817 472 2892 laciendi,
504 2826 541 2880 ut
572 2827 715 2880 testatur
744 2816 906 2898 Magister
940 2815 1102 2879 Ricardus
1133 2815 1175 2878 de
1207 2816 1331 2880 Sancto
1360 2817 1503 2894 Victore,
1528 2818 1560 2879 in
1590 2816 1675 2880 libro

320 2959 380 3002 suo
400 2938 453 3001 De
476 2946 644 3019 potestate
667 2937 858 3001 absolvendi
880 2947 913 3000 et
936 2938 1096 3001 retinendi
1120 2947 1266 3021 peccata.
1313 2939 1403 3003 Inter
1425 2949 1543 3002 caetera
1566 2960 1674 3022 opera,

320 3059 486 3122 confessor
509 3060 674 3141 praecipue
695 3059 882 3121 attenderet
904 3078 962 3139 per
984 3059 1131 3121 raciones
1155 3070 1188 3122 et
1211 3061 1405 3141 scripturam
1429 3080 1563 3138 sacram,
1586 3062 1674 3142 quod

321 3181 488 3245 sentencia
504 3201 563 3243 sua
584 3181 616 3243 in
638 3180 779 3244 dicendo
803 3190 836 3243 et
857 3181 889 3241 in
906 3180 1108 3244 absolvendo
1129 3181 1387 3245 conformaretur
1405 3182 1529 3263 judicio
1549 3182 1675 3260 divin03

320 3302 404 3365 sicut
435 3301 608 3384 ignorante
637 3301 734 3365 Petro
767 3300 919 3383 apostolo
947 3301 1095 3364 Gentiles
1120 3301 1287 3364 vocandos
1311 3322 1382 3365 esse
1408 3302 1450 3365 ad
1478 3302 1578 3364 fidem
1605 3301 1675 3377 Xti,
1776 3347 1778 3351 .

322 3431 356 3486 et
379 3422 451 3504 ipso
472 3422 643 3503 judicante
659 3421 809 3486 Gentiles
832 3442 904 3484 esse
927 3422 1125 3498 immundos
1141 3421 1282 3485 finaliter
1296 3442 1363 3484 vox
1386 3422 1428 3484 de
1452 3419 1536 3485 coelo
1552 3421 1677 3486 Sancto

323 3543 421 3606 Petro
450 3543 602 3624 apostolo
624 3544 712 3607 facta
735 3552 794 3617 est,
822 3540 972 3605 Actuum
995 3541 1125 3605 decimo
1148 3541 1301 3623 capitulo,
1324 3540 1447 3624 ‘Quod
1472 3543 1563 3606 Deus
1583 3562 1676 3604 mun·

322 3664 423 3740 davit,
445 3672 481 3727 tu
508 3684 683 3728 commune
710 3684 751 3726 ne
778 3662 922 3737 dixeris,’
944 3663 965 3724 i.
976 3682 1004 3725 e.
1027 3663 1245 3724 immundum.
1292 3661 1401 3725 Omne
1424 3663 1512 3726 enim
1536 3663 1677 3724 immun·

322 3786 404 3848 dum
420 3804 595 3848 commune
609 3785 790 3849 vocabatur
806 3785 839 3846 in
859 3782 984 3866 populo
1001 3782 1112 3855 Israel,
1129 3783 1205 3864 quia
1224 3783 1317 3846 Deus
1335 3782 1438 3845 voluit
1456 3792 1492 3846 ut
1510 3783 1678 3846 sentencia

324 3904 412 3969 Petri
442 3905 585 3987 apostoli
615 3915 650 3969 et
680 3914 758 3968 tunc
787 3905 887 3986 Papae
917 3913 1004 3966 esset
1030 3903 1205 3966 conformis
1235 3905 1411 3967 sentencias
1435 3903 1509 3979 Dei,
1533 3903 1622 3966 unde
1648 3903 1678 3966 ei

323 4027 490 4109 praecepit,
516 4027 588 4089 ‘Ne
610 4027 701 4090 dicas
731 4046 802 4088 esse
832 4026 1051 4101 immundum,
1073 4024 1162 4106 quod
1188 4024 1280 4086 Deus
1303 4026 1475 4087 mundavit
1489 4020 1507 4102 ;'
1545 4033 1578 4087 et
1608 4025 1678 4105 pari

325 4148 455 4210 racione
485 4168 526 4210 ne
550 4147 640 4212 dicas
668 4149 837 4221 mundum,
862 4144 915 4208 vel
942 4165 963 4206 a
989 4145 1124 4207 crimine
1150 4144 1348 4221 absolutum,
1375 4144 1464 4225 quod
1493 4145 1584 4207 Deus
1612 4165 1678 4207 non

326 4270 520 4346 mundavit3
548 4281 582 4332 et
611 4270 685 4333 ideo
712 4267 855 4333 Sanctus
883 4267 998 4329 Petrus
1029 4266 1207 4346 apostolus,
1230 4265 1440 4329 considerans
1470 4266 1678 4347 omnipoten-
