3818 4904
291 405 332 469 80
665 415 762 469 LocI
788 415 816 467 E
845 415 969 468 LIBRO
1005 415 1262 470 VERITATIM.

293 627 455 690 ‘Reddite
479 647 565 708 erge,
586 628 850 708 praevaricatores
871 629 913 690 ad
937 648 1000 705 cor,
1021 629 1041 689 i.
1051 649 1080 690 e.
1096 629 1139 691 ad
1161 627 1374 704 intellectum,
1394 628 1638 691 considerantes

291 749 381 830 quod
398 747 539 812 Sanctus
557 748 670 811 Petrus
693 748 753 810 luit
777 748 809 810 in
831 768 957 812 carcere
978 749 1105 812 vinctus
1129 748 1275 812 cathenis
1296 749 1424 812 duabus
1448 751 1532 812 inter
1555 750 1639 812 duos

235 886 237 890 “
292 866 432 932 milites?
478 868 533 933 Sic
554 868 764 951 spiritualiter
787 870 933 932 existens
956 870 989 932 in
1016 871 1143 952 magnis
1163 869 1315 951 peccatis,
1330 878 1490 950 tanquam
1513 870 1546 932 in
1568 890 1638 932 car-

291 1009 365 1053 cere
387 990 534 1068 miseriae,
549 999 599 1053 est
621 991 748 1053 vinctus
769 991 896 1053 duabus
917 991 1073 1065 cathenis,
1095 1012 1139 1054 sc.
1155 991 1342 1073 ignorancia
1364 1000 1397 1054 et
1419 991 1617 1073 impotentia
1630 1012 1641 1067 ;’

292 1113 479 1193 ignorancia
499 1121 549 1174 est
571 1113 705 1192 quando
729 1132 794 1173 non
818 1112 971 1192 intelligit
993 1111 1094 1175 homo
1118 1121 1240 1174 statum
1266 1112 1402 1174 miseriae
1426 1132 1494 1174 suae
1517 1111 1550 1173 in
1573 1131 1640 1193 qua

292 1243 351 1310 est,
374 1243 408 1297 et
430 1233 564 1314 quando
594 1253 659 1295 non
683 1233 868 1316 considerat
898 1253 971 1314 quae
994 1253 1070 1296 vera
1100 1243 1184 1310 sunt,
1206 1234 1264 1295 sed
1295 1233 1398 1295 credit
1415 1232 1639 1314 palpantibus

211 1381 217 1391 ·
292 1363 326 1417 et
350 1352 584 1430 adulatoribus,
608 1354 664 1435 qui
694 1353 774 1416 false
805 1354 865 1415 sibi
893 1354 1031 1434 placent,
1054 1355 1111 1435 qui
1137 1355 1250 1417 dicunt
1277 1365 1447 1435 peccatum
1478 1374 1544 1416 non
1568 1368 1641 1416 esse

291 1484 473 1555 peccatum,
492 1473 544 1536 vel
570 1493 706 1555 parvum
732 1493 812 1549 esse,
835 1484 869 1536 et
896 1473 1033 1536 faciliter
1058 1473 1178 1536 habere
1202 1475 1331 1536 veniam
1354 1496 1374 1537 a
1399 1474 1480 1551 De0‚
1504 1483 1537 1536 et
1564 1474 1640 1536 ideo

292 1616 357 1659 non
380 1596 562 1658 curandum
589 1614 659 1656 esse
686 1594 729 1656 de
752 1604 898 1675 peccato
954 1594 1040 1657 ltem
1066 1595 1219 1676 ignorans
1245 1604 1294 1657 est
1321 1595 1376 1674 qui
1405 1603 1491 1657 errat
1519 1603 1551 1656 et
1581 1593 1639 1655 de·

291 1718 359 1781 viat
377 1739 397 1780 a
415 1737 500 1791 vero,
517 1726 550 1779 et
574 1715 776 1778 obliviscitur
798 1736 836 1778 ea
854 1717 896 1778 ad
915 1736 990 1796 quae
1011 1715 1206 1791 attenderet,
1222 1725 1254 1778 et
1275 1715 1365 1778 velut
1384 1734 1489 1778 caecus
1510 1714 1640 1776 ducitur

292 1839 324 1900 in
352 1837 479 1900 foveam
507 1836 613 1917 culpae
639 1847 672 1898 et
698 1857 807 1918 poenae
835 1838 920 1900 inter
945 1856 1076 1899 carnem
1100 1847 1132 1899 et
1160 1836 1337 1911 diabolum,
1366 1836 1421 1917 qui
1448 1834 1509 1898 sibi
1533 1835 1639 1897 domi-

292 1969 419 2032 nantur,
447 1969 480 2021 et
504 1978 596 2020 suam
624 1959 656 2019 in
679 1978 718 2020 eo
745 1968 954 2039 exequuntur
977 1957 1182 2021 voluntatem
1208 1967 1241 2020 et
1268 1967 1480 2038 potestatem,
1504 1966 1538 2018 et
1560 1938 1640 2018 tunc

292 2089 479 2142 excaecatur
511 2089 650 2160 utroque
687 2078 783 2141 oculo
816 2099 892 2141 cum
927 2078 1081 2141 Sedichia
1119 2098 1204 2160 rege.
1255 2079 1337 2141 Inde
1363 2078 1493 2141 ducitur
1522 2077 1555 2138 in
1585 2076 1640 2140 via

290 2199 470 2281 voluptatis
500 2220 576 2275 suae,
606 2219 680 2281 quae
710 2199 839 2261 videtur
868 2198 929 2261 sibi
960 2208 1048 2261 recta
1077 2199 1139 2273 via,
1165 2199 1233 2273 sed,
1257 2207 1342 2261 teste
1365 2198 1439 2280 Job,
1463 2196 1640 2260 novissima

291 2319 362 2402 ejus
385 2321 509 2384 ducunt
535 2321 578 2383 ad
611 2329 758 2393 mortem,
792 2320 850 2381 i.e.
877 2321 919 2383 ad
944 2338 1061 2401 poenas
1091 2329 1239 2383 aetemas.
1283 2318 1363 2382 Alia
1393 2317 1532 2383 cathena
1562 2338 1638 2400 pec-

291 2450 402 2505 catum
430 2461 635 2522 consequens
658 2447 709 2502 est
736 2439 933 2520 impotencia
959 2460 1178 2520 eorumquae
1205 2439 1305 2502 homo
1328 2450 1448 2522 ageret,
1473 2446 1506 2503 et
1533 2439 1640 2520 impe-⁴

292 2564 398 2626 tencia
428 2561 632 2643 exsequendi
664 2569 697 2623 et
729 2560 915 2642 attingendi
947 2558 1001 2622 illa
1031 2560 1127 2637 bona,
1158 2580 1297 2641 quorum
1327 2559 1427 2623 homo
1458 2560 1491 2621 in
1523 2568 1640 2622 natura‘

292 2703 351 2746 sua
374 2692 423 2746 est
446 2703 574 2764 capax3
605 2681 705 2744 homo
729 2681 825 2757 enim,
852 2701 910 2761 per
932 2680 1069 2762 longum
1093 2700 1187 2743 usum
1212 2691 1245 2744 et
1272 2679 1406 2762 longam
1431 2680 1639 2744 consuetudi-

292 2823 368 2866 nem
399 2803 535 2884 peccati,
566 2802 729 2865 inducitur
766 2801 798 2862 in
833 2801 1061 2864 difficultatem
1097 2809 1225 2864 tantam
1259 2801 1346 2879 boni,
1376 2809 1410 2864 et
1445 2802 1477 2863 in
1509 2810 1638 2864 tantam
1725 2802 1730 2811 '

291 2925 492 3004 pronitatem
523 2922 610 2995 mali,
638 2921 728 3002 quod
759 2920 889 2984 videtur
919 2922 1095 2984 necessitas
1125 2921 1168 2984 ad
1195 2922 1408 3002 peccandum,
1431 2931 1465 2984 et
1491 2923 1654 3020 carencia'

292 3044 466 3125 potestatis
481 3044 523 3105 ad
544 3042 770 3118 resistendum,
785 3041 838 3104 vel
859 3043 902 3104 ad
919 3042 1123 3104 redeundum
1139 3063 1159 3104 a
1176 3040 1284 3119 malo;
1306 3042 1347 3104 de
1363 3062 1429 3124 qua
1445 3040 1640 3104 necessitate
1679 3112 1680 3116 ,

291 3164 436 3246 loquitur
454 3163 624 3246 propheta,
640 3182 714 3225 cum
731 3163 774 3225 ad
791 3162 973 3224 Dominum
989 3171 1071 3239 orat,
1086 3161 1158 3224 ‘De
1176 3162 1426 3225 necessitatibus
1443 3163 1532 3236 meis,
1550 3161 1639 3243 eripe

292 3304 353 3362 me,
373 3283 553 3348 Dominel’
596 3282 691 3345 Tunc
715 3303 846 3346 necesse
868 3293 919 3346 est
943 3291 979 3345 ut
1001 3283 1111 3346 oracio
1133 3282 1191 3346 fiat
1214 3284 1256 3345 ab
1278 3282 1423 3357 ecclesia,
1446 3291 1480 3345 et
1502 3282 1638 3346 abonis

290 3405 375 3482 viris,
405 3405 482 3487 quia
521 3424 661 3486 magnus
694 3411 848 3486 peccator
885 3413 935 3466 est
973 3403 1005 3465 in
1039 3422 1168 3466 carcere
1202 3404 1340 3466 miseriae
1373 3403 1435 3466 sub
1472 3402 1639 3485 potestate
1695 3447 1697 3452 -

292 3523 460 3600 Sathmae,
487 3525 571 3588 sicut
599 3523 742 3588 Sanctus
773 3524 888 3586 Petrus
918 3523 978 3586 luit
1004 3524 1037 3585 in
1067 3544 1194 3587 carcere
1224 3522 1384 3605 corporali
1414 3523 1475 3585 sub
1502 3522 1640 3586 Herode‘

290 3645 393 3728 impio
417 3666 506 3728 rege.
552 3643 670 3708 Clama
695 3665 782 3726 ergo,
810 3645 905 3719 educ,
934 3642 1095 3708 Dominel
1130 3645 1172 3707 de
1199 3664 1326 3708 carcere
1356 3644 1501 3706 animam
1528 3663 1638 3707 meam

290 3776 327 3830 ut
358 3765 553 3829 confiteatur
583 3785 704 3847 magna
737 3773 794 3827 tua
824 3784 935 3846 opera.
993 3764 1156 3827 Domine!
1188 3764 1283 3846 periit
1311 3762 1388 3845 iuga
1417 3784 1438 3826 a
1468 3783 1531 3840 me,
1560 3764 1639 3845 quia

290 3887 359 3950 sine
381 3888 491 3969 gracia
512 3896 570 3950 tua
592 3906 724 3968 surgere
745 3905 873 3967 nequeo
892 3904 951 3948 nec
971 3883 1082 3947 lumen
1103 3883 1177 3948 coeli
1200 3885 1319 3959 videre,
1339 3893 1372 3947 et
1392 3894 1471 3947 tunc
1491 3882 1637 3965 angelus,

291 4007 311 4069 i.
322 4028 350 4070 e.
372 4007 509 4070 nuncius
533 4006 652 4089 graciae
676 4006 749 4082 Dei,
776 4005 916 4086 percutit
943 4004 1076 4068 Petrum
1101 4005 1134 4066 in
1161 4003 1272 4078 latere,
1300 4005 1361 4068 i.e.
1384 4003 1417 4065 in
1444 4003 1552 4078 corde,
1579 4024 1636 4066 seu

291 4127 324 4189 in
353 4137 472 4203 mente,
499 4128 587 4191 dona
609 4127 673 4189 Dei
697 4135 730 4189 et
756 4125 913 4189 beneficia
937 4124 1039 4188 menti
1070 4125 1266 4198 reducendo
1293 4134 1325 4188 et
1356 4124 1548 4187 memoriam
1576 4123 1636 4187 Xti

290 4247 378 4329 passi
410 4249 510 4310 menti
542 4246 770 4329 imprimendo,
801 4254 834 4309 et
865 4255 943 4308 tunc
973 4245 1077 4326 surgit
1113 4245 1236 4319 Petrus,
1269 4244 1288 4306 i.
1305 4265 1332 4309 e.
1370 4254 1530 4326 peccator,
1560 4264 1638 4307 vere
