3818 4904
303 411 366 474 224
679 398 778 453 LOCI
803 398 833 451 E
861 398 986 451 LIBRO
1020 397 1280 452 VERITATUM.

388 625 426 691 [p.
442 624 512 688 681]
541 621 694 678 Verbum
709 619 781 676 Dei.
814 612 891 674 Duo
915 612 1026 694 magni
1049 612 1202 694 graduati
1225 632 1329 695 nuper
1350 611 1509 676 dixerunt
1531 628 1654 692 magno

301 738 379 820 regi,
406 737 495 819 quod
521 735 648 798 licitum
679 732 741 797 fuit
771 733 809 809 ei,
835 741 869 797 et
900 741 1061 810 sanctum,
1087 742 1121 797 et
1152 733 1364 808 meritorium,
1391 730 1538 797 conferre
1568 731 1655 813 epis·

301 868 466 941 copatum,
494 855 546 919 vel
574 855 794 936 quodcunque
820 852 909 916 aliud
940 852 1093 926 officium,
1118 852 1178 917 tali
1207 854 1277 917 viro
1304 861 1341 917 ut
1370 852 1482 935 placet
1512 850 1589 934 regi,
1620 858 1654 915 et

302 977 391 1061 quod
416 975 619 1039 meritorium
642 983 693 1038 est
719 974 833 1037 statim
856 973 1097 1037 confessionem
1120 970 1191 1059 (sir)
1214 972 1305 1037 illam
1328 993 1481 1038 revocare
1503 982 1538 1037 et
1560 970 1655 1035 alteri

301 1097 370 1160 viro
393 1096 585 1170 concedere,
608 1104 642 1158 et
664 1094 710 1158 sic
732 1092 850 1158 variari
875 1093 1031 1175 quociens
1053 1092 1192 1158 voluerit
1215 1114 1235 1156 a
1257 1093 1355 1176 priori
1378 1093 1600 1158 concessione.

390 1216 484 1294 Item,
511 1215 600 1279 idem
626 1216 693 1278 duo
720 1214 797 1276 mali
824 1213 976 1277 doctores
1005 1223 1038 1277 et
1065 1213 1210 1295 perversi
1237 1215 1391 1277 dixerant
1421 1233 1545 1294 magno
1576 1209 1655 1294 regi,

301 1338 391 1421 quod
422 1336 540 1400 melius
569 1335 630 1400 fuit
657 1356 768 1399 coram
794 1333 931 1398 domino
961 1335 1030 1416 regi
1063 1333 1210 1398 conferre
1239 1334 1467 1417 episcopatum
1497 1333 1553 1396 uni
1583 1332 1654 1395 viro

301 1457 399 1522 valde
413 1455 558 1531 inhabili,
575 1464 611 1519 ut
626 1463 768 1519 cessaret
783 1455 938 1536 quaedam
953 1451 993 1516 lis
1008 1475 1068 1536 pro
1083 1456 1229 1536 quodam
1245 1455 1408 1519 decanatu
1424 1453 1509 1516 inter
1525 1452 1653 1517 dictum

302 1577 481 1642 inhabilem
505 1585 538 1640 et
561 1575 662 1638 alium
683 1575 789 1638 virum
813 1594 888 1637 cum
912 1575 1031 1638 eodem
1053 1574 1249 1656 litigantem,
1271 1595 1372 1656 quam
1393 1572 1542 1638 conferre
1568 1573 1655 1655 epis·

302 1707 460 1780 copatum
482 1695 610 1779 optimo
632 1695 703 1758 viro
726 1694 758 1757 in
781 1693 927 1757 moribus
950 1705 984 1759 et
1004 1694 1038 1756 in
1058 1694 1218 1774 sciencia3
1242 1694 1342 1759 etsie
1362 1703 1597 1758 consenserunt
1620 1693 1653 1754 in

302 1838 459 1900 magnum
491 1815 624 1889 malum,
649 1836 694 1878 ex
721 1835 788 1896 quo
814 1813 908 1897 plura
939 1814 1027 1877 mala
1056 1824 1247 1897 sequuntur,
1274 1824 1311 1879 ut
1339 1814 1563 1897 implacitacio
1592 1833 1653 1896 pro

301 1959 367 2002 uno
390 1939 552 2002 decanatu
577 1944 729 1998 cessaret.

390 2058 485 2134 Item,
512 2055 583 2138 jam
609 2054 761 2117 homines
787 2074 853 2117 non
878 2064 994 2119 curant
1019 2075 1155 2137 peccare
1181 2055 1333 2137 graviter,
1359 2054 1445 2136 quia,
1468 2064 1505 2120 ut
1527 2054 1651 2128 dicunt,

300 2177 456 2243 facillime
486 2176 659 2239 habebunt
687 2175 817 2238 veniam
850 2195 909 2257 per
940 2175 1186 2241 absolucionem
1215 2177 1370 2240 facillime
1404 2178 1588 2255 obtentam,
1618 2185 1651 2239 et
1697 2218 1700 2223 -

300 2321 361 2382 per
382 2297 606 2380 indulgencias
629 2295 766 2379 papales
788 2295 943 2360 facillime
965 2307 1131 2379 optentas,
1154 2307 1191 2362 ut
1214 2299 1276 2381 ipsi
1297 2299 1421 2362 dicunt.

388 2430 422 2496 [p.
444 2427 517 2495 687]
560 2424 717 2482 Venatio.
764 2417 803 2480 In
824 2417 897 2480 loco
917 2429 1037 2482 vocato
1060 2419 1240 2484 Bethsaida
1257 2420 1392 2501 jacebat
1414 2418 1519 2485 multa
1541 2417 1653 2482 multi·

300 2542 382 2605 tudo
406 2537 646 2621 languencium,
671 2548 708 2601 ut
728 2547 821 2618 patet
843 2539 875 2601 in
897 2538 1077 2620 evangelio,
1097 2540 1258 2620 Johannis
1274 2546 1309 2619 5⁰
1323 2546 1387 2605 ca0.
1407 2539 1596 2616 Bethsaida,
1617 2538 1649 2601 in

301 2661 412 2744 lingua
428 2670 540 2723 nostra
556 2660 789 2739 interpretatus
805 2659 937 2720 ‘domus
948 2660 1164 2737 venatorum,'
1178 2671 1216 2725 ut
1230 2662 1277 2723 ait
1286 2660 1437 2726 'Sanctus
1451 2660 1649 2741 Jeronimus,

301 2802 399 2865 super
414 2778 624 2843 Ezechielem
644 2777 727 2841 libro
745 2799 803 2840 suo
825 2779 875 2840 ix⁰
893 2779 1038 2861 capitulo
1058 2779 1123 2843 28⁰.
1162 2782 1202 2844 In
1222 2783 1324 2845 domo
1344 2782 1433 2845 enim
1455 2790 1649 2844 venatorum

301 2912 335 2966 et
350 2904 383 2964 in
400 2902 478 2984 ipsis
493 2899 704 2963 venatoribus
719 2908 796 2961 sunt
811 2900 905 2980 plura
921 2921 1010 2983 saepe
1029 2912 1166 2984 peccata
1186 2903 1404 2984 sanguinaria,
1425 2922 1470 2965 sc.
1488 2901 1651 2983 voluptas,

301 3044 367 3105 qua
389 3021 574 3086 delectatur
595 3019 738 3084 videndo
761 3019 955 3085 effusionem
979 3023 1147 3104 sanguinis
1169 3034 1203 3089 et
1224 3044 1360 3106 poenam
1382 3022 1533 3087 animalis
1553 3021 1651 3085 mori·

300 3144 395 3218 entis,
422 3151 456 3205 et
483 3141 586 3204 eciam
614 3142 646 3202 in
672 3140 766 3203 vanis
793 3151 826 3204 et
854 3141 886 3203 in
913 3143 1064 3224 turpibus
1091 3164 1181 3226 saepe
1208 3144 1394 3207 inordinate
1423 3143 1650 3222 delectantur;

300 3275 335 3330 et
360 3264 457 3327 rebus
483 3262 550 3324 suis
577 3272 610 3325 et
640 3269 790 3343 tempore
819 3281 909 3343 saepe
938 3262 1128 3343 abutuntur,
1155 3263 1324 3328 inferendo
1354 3263 1441 3327 mala
1471 3273 1504 3327 et
1535 3264 1651 3329 nociva

299 3387 397 3450 rebus
418 3394 452 3448 et
473 3383 615 3466 pasturis
637 3381 786 3444 aliorum.

386 3505 558 3589 Quantum
579 3522 715 3585 possum
738 3501 772 3564 in
792 3522 867 3565 mea
890 3501 1034 3567 recolere
1053 3505 1212 3568 memoria
1233 3525 1412 3588 nunquam,
1435 3525 1478 3568 sc.
1496 3505 1529 3567 in
1549 3504 1649 3586 scrip·

299 3637 373 3692 tura
395 3646 496 3703 sacra,
519 3632 708 3687 venatorem
733 3623 765 3685 in
782 3623 903 3686 bonam
928 3634 1057 3707 partem
1079 3624 1154 3709 legi.
