3818 4904
674 450 770 504 LOCI
800 450 829 503 E
858 448 984 505 LIBRO
1019 449 1277 508 VERITATUM.
1599 455 1658 528 153

303 664 335 727 in
368 686 428 728 sua
462 666 560 740 curia,
594 675 629 729 et
664 665 725 729 nisi
765 686 853 748 papa
888 666 1050 731 concedat
1088 667 1331 748 exemptiones,
1366 666 1658 749 augmentaciones

302 785 482 866 primorum
508 785 674 851 fructuum
701 785 962 868 episcopatuum,
986 797 1020 850 et
1047 786 1314 868 dispensaciones
1339 808 1395 851 seu
1423 787 1657 870 dissipaciones

300 915 336 968 et
365 905 519 970 licencias
550 926 617 970 non
647 907 811 970 residendi
843 907 876 970 in
907 907 974 969 suis
1000 907 1167 970 beneficiis
1193 907 1348 971 omnibus
1373 908 1429 991 qui
1457 917 1593 973 manent
1623 909 1657 972 in

300 1026 397 1089 curiis
424 1047 548 1108 regum,
574 1028 811 1109 episcoporum,
839 1037 873 1090 et
903 1027 1112 1091 dominorum
1142 1027 1289 1105 aliorum,
1316 1037 1349 1093 et
1380 1029 1442 1092 nisi
1472 1030 1656 1094 concedant

299 1145 526 1229 indulgencias
552 1157 586 1212 et
613 1147 766 1212 licencias
788 1148 903 1211 utendi
930 1147 1036 1211 mitris
1061 1158 1095 1212 et
1119 1148 1184 1211 alia
1208 1124 1451 1225 irrationabilia,
1473 1170 1517 1212 ex
1535 1148 1656 1231 quibus

299 1265 427 1330 lucrum
454 1288 612 1350 magnum
640 1269 789 1350 sequitur
815 1269 988 1332 cortisanis
1014 1269 1057 1332 de
1084 1268 1173 1332 curia
1199 1289 1305 1351 papae.
1349 1269 1540 1333 Maximum
1567 1269 1655 1332 enim

298 1385 425 1451 lucrum
439 1387 509 1470 jam
530 1380 724 1470 perveniens
745 1389 842 1452 curiae
864 1409 960 1470 papae
983 1388 1068 1452 inter
1088 1398 1207 1453 caetera
1228 1398 1279 1453 est
1299 1389 1371 1466 hoc,
1388 1391 1477 1471 quod
1499 1410 1588 1472 papa
1602 1387 1655 1452 vel

301 1508 364 1590 ipsi
385 1510 506 1591 quibus
526 1531 547 1573 a
567 1530 656 1592 papa
677 1530 783 1573 causae
807 1510 1069 1585 committuntur,
1086 1511 1272 1574 concedunt
1288 1510 1382 1593 plura
1401 1520 1435 1575 et
1450 1510 1657 1576 sentenciant

300 1650 361 1712 pro
391 1650 456 1694 una
483 1641 588 1712 parte,
614 1639 647 1694 et
674 1650 755 1694 mox
786 1632 932 1695 instante
959 1630 1098 1713 pecunia
1125 1641 1279 1696 revocant
1310 1633 1427 1695 eadem
1457 1631 1547 1712 prius
1577 1650 1655 1694 con-

300 1770 413 1829 cessa3
444 1763 479 1816 et
509 1750 688 1833 aliquando
718 1762 874 1815 revocant
901 1750 1022 1833 pluries
1049 1761 1212 1826 revocata,
1238 1753 1284 1815 ita
1312 1760 1348 1815 ut
1376 1750 1485 1814 nullus
1511 1750 1554 1814 sit
1580 1749 1655 1813 finis

300 1873 473 1937 conclusus
506 1872 539 1935 in
572 1873 710 1936 materia
749 1872 868 1935 Romae
901 1872 1078 1955 appellata,
1112 1882 1149 1937 ut
1188 1893 1293 1954 nuper
1333 1881 1503 1936 ostensum
1536 1881 1587 1934 est
1622 1870 1655 1933 in

298 1994 445 2057 materiis
474 1994 705 2058 controversiae
731 1993 877 2076 episcopi
908 1992 1138 2057 Lincolnensis
1161 1993 1286 2056 domini
1312 1990 1472 2057 Willelmi
1496 1989 1653 2073 Alnwyk,

297 2124 332 2179 et
362 2115 466 2196 partis
495 2114 557 2177 sibi
586 2115 734 2178 adversae
764 2115 880 2178 decani
911 2114 1043 2198 superbi
1073 2113 1224 2195 ejusdem
1254 2114 1410 2189 ecclesiae,
1437 2113 1493 2196 qui
1524 2112 1652 2195 optavit

297 2245 336 2300 ut
369 2237 492 2300 totiens
525 2236 588 2299 sibi
627 2235 854 2314 turificaretur‚
887 2236 972 2300 sicut
1011 2236 1168 2318 episcopo
1180 2257 1188 2312 ;
1225 2244 1257 2299 et
1297 2236 1324 2299 si
1359 2236 1534 2317 episcopus
1567 2242 1654 2297 esset

297 2377 443 2440 praesens
469 2357 502 2420 in
529 2357 667 2421 ecclesia
694 2353 854 2434 Lincoln.‚
879 2358 969 2439 quod
996 2377 1056 2420 nec
1087 2357 1261 2439 episcopus
1292 2376 1351 2419 nec
1380 2355 1464 2420 alius
1494 2354 1653 2435 inciperet

297 2477 442 2542 officium
465 2478 499 2541 in
525 2478 664 2542 ecclesia
685 2477 751 2552 illa,
777 2498 951 2560 quousque
977 2478 1122 2542 decanus
1144 2476 1277 2541 stallum
1304 2495 1400 2539 suum
1422 2473 1575 2538 intravit:
1607 2492 1652 2535 ex

296 2619 364 2681 qua
384 2600 606 2664 controversia
627 2597 770 2681 plurima
791 2599 879 2663 mala
900 2608 1014 2663 secuta
1030 2608 1116 2662 sunt.
1163 2596 1208 2662 Et
1224 2596 1320 2680 primi
1341 2595 1465 2660 fructus
1481 2595 1651 2676 episcopa·

296 2729 404 2795 tuum,
430 2741 505 2802 quae
531 2721 617 2784 circa
642 2739 765 2784 annum
792 2719 929 2783 Domini
960 2740 994 2783 m
1024 2738 1079 2783 ccc
1107 2718 1139 2802 iij
1172 2719 1372 2800 inceperunt,
1402 2714 1589 2797 duplantur,
1616 2723 1650 2777 et

296 2842 406 2924 precio
429 2840 546 2923 majori
569 2860 670 2923 quam
693 2839 796 2924 duplo
820 2840 999 2918 solvuntur,
1014 2860 1058 2904 sc.
1075 2840 1221 2924 quinque
1240 2838 1338 2915 mille,
1354 2837 1410 2902 ubi
1428 2848 1528 2902 antea
1546 2854 1650 2897 unum

298 2959 389 3026 mille
411 2962 610 3026 solvebatur.

382 3091 416 3158 [p.
435 3092 503 3160 165]
549 3083 714 3147 Dominus
740 3104 829 3166 papa
855 3083 1085 3160 consideraret,
1110 3104 1176 3146 non
1204 3082 1311 3146 solum
1338 3103 1413 3165 quae
1443 3081 1514 3162 ipse
1539 3084 1652 3160 potest

298 3201 406 3267 facere
428 3204 481 3267 vel
509 3204 699 3282 concedere,
727 3204 786 3268 sed
811 3204 891 3286 quid
916 3204 971 3267 alii
994 3215 1134 3287 possunt
1159 3205 1324 3285 recipere;
1354 3223 1406 3278 an,
1431 3200 1563 3277 scilicet,
1586 3196 1650 3260 hoc

296 3325 340 3389 sit
364 3325 547 3407 expediens
569 3326 752 3406 animabus,
774 3337 809 3390 et
831 3346 943 3390 earum
965 3326 1075 3402 saluti,
1098 3336 1131 3391 et
1153 3346 1197 3390 an
1218 3325 1282 3390 hoc
1304 3324 1410 3404 liceat,
1433 3332 1468 3388 et
1489 3321 1650 3404 expediat

296 3444 395 3511 saluti
426 3447 633 3529 animarum;
668 3449 891 3513 consideraret
920 3447 1009 3511 enim
1038 3467 1127 3529 papa
1157 3447 1247 3529 quod
1275 3446 1381 3530 judex
1411 3453 1470 3522 est,
1496 3452 1531 3507 et
1557 3441 1648 3524 quod

296 3576 447 3651 potestas
474 3590 535 3633 sua
565 3591 609 3633 ex
637 3570 701 3633 Dei
728 3571 878 3652 jussione
904 3569 1093 3653 dependet3
1124 3568 1280 3652 quicquid
1307 3568 1393 3631 enim
1421 3567 1514 3649 ligat,
1537 3565 1650 3628 videat

295 3689 386 3770 quod
416 3687 544 3772 judicat
574 3691 757 3755 secundum
784 3689 946 3772 judicium
977 3691 1052 3754 Dei.
1087 3691 1141 3755 De
1166 3689 1333 3774 judicibus
1363 3689 1444 3753 dicit
1474 3685 1649 3759 Dominus

296 3809 464 3876 Ezechiel.
485 3811 566 3895 xliiij
592 3818 664 3888 ca⁰.,
690 3811 795 3877 ‘Cum
821 3811 921 3876 fuerit
943 3812 1165 3877 controversia
1188 3812 1324 3876 stabunt
1347 3811 1381 3873 in
1400 3808 1532 3891 judiciis
1560 3807 1650 3884 meis,

296 3939 330 3994 et
357 3931 555 4012 judicabunt
585 3933 676 4015 leges
706 3954 806 4010 meas,
831 3943 865 3998 et
891 3942 1060 4016 praecepta
1086 3953 1160 3997 mea
1186 3927 1410 4009 custodient3’
1443 3950 1531 4012 papa
1562 3927 1650 3993 enim

292 4051 464 4134 judicandi
495 4053 596 4117 habet
624 4064 836 4137 potestatem,
865 4055 978 4118 ‘Deus
1008 4054 1116 4131 enim,’
1142 4064 1227 4119 teste
1257 4052 1420 4137 propheta
1449 4051 1482 4114 in
1510 4050 1653 4128 Psalmo,

296 4172 474 4256 ‘judicabit
492 4173 662 4257 justicias,’
683 4197 761 4260 ergo
784 4175 961 4258 injustitias
982 4177 1185 4258 rejudicabit.
1233 4173 1400 4258 Quicquid
1424 4173 1513 4238 enim
1536 4182 1587 4237 est
1608 4173 1652 4238 ab

295 4294 481 4376 apostolico
502 4315 600 4377 supra
621 4304 743 4362 terram
765 4297 914 4381 ligatum,
933 4309 984 4361 est
1007 4298 1177 4382 cognitum
1201 4298 1234 4360 in
1257 4295 1342 4361 coelo
1362 4314 1422 4378 pro
1443 4295 1565 4377 ligat03
1592 4293 1652 4359 sed

959 4414 983 4463 X
