3818 4904
682 456 781 511 LOCI
807 455 836 508 E
866 454 989 508 LIBRO
1025 452 1284 506 VERITATUM.
1615 445 1656 526 69

305 693 369 758 pro
392 673 517 738 honore
541 693 600 736 suo
626 683 659 736 et
684 693 743 755 pro
770 672 895 735 deliciis
922 671 1027 735 carnis
1052 690 1151 752 quam
1182 690 1241 751 pro
1267 670 1442 735 virtutibus
1469 681 1501 736 et
1531 672 1659 736 actibus

309 795 428 858 divinis
455 793 724 876 multiplicandis,
751 802 784 856 et
814 792 860 855 sic
889 793 1100 873 consequitur
1126 800 1163 854 ut
1193 811 1305 854 servus
1335 792 1488 873 indignus
1515 801 1547 855 et
1575 812 1659 856 mer·

308 916 460 980 cenarius
489 915 604 997 pocius
635 914 775 976 intendit
806 932 901 975 suum
933 911 1057 995 lucrum
1089 913 1302 983 mundanum,
1326 931 1426 993 quam
1454 913 1579 975 domini
1610 913 1660 975 sui

310 1035 434 1099 bonum
451 1045 484 1098 et
504 1045 628 1098 rectum
650 1034 820 1097 servicium
841 1031 1137 1113 multiplicandum.
1183 1031 1214 1096 Ο
1233 1029 1342 1094 Deus!
1367 1033 1450 1096 educ
1471 1033 1513 1096 de
1534 1054 1661 1097 carcere

310 1157 508 1237 ignoranciae
529 1164 563 1218 et
586 1154 701 1218 erroris
725 1151 852 1215 animas
875 1152 1134 1235 praesidencium,
1160 1162 1196 1213 ut
1220 1153 1349 1233 sapiant
1373 1166 1406 1216 et
1429 1164 1517 1217 recte
1540 1155 1661 1217 intelli-

303 1285 393 1358 vgant
413 1276 571 1357 judicium
585 1285 685 1338 ¹tuum
711 1285 845 1350 rectum,
863 1284 897 1335 et
915 1273 1082 1354 quomodo
1102 1281 1148 1349 tu,
1168 1281 1204 1334 ut
1226 1282 1318 1354 patet
1343 1273 1374 1334 in
1395 1283 1454 1336 tuo
1479 1275 1661 1357 evangeli0,

311 1417 377 1460 non
406 1396 537 1459 voluisti
560 1396 687 1458 solvere
709 1395 868 1456 tributum
898 1393 1087 1473 imperatori
1111 1392 1263 1456 Romano
1287 1413 1345 1475 pro
1368 1403 1402 1457 te
1425 1405 1457 1458 et
1480 1415 1540 1476 pro
1564 1395 1661 1459 Petro

311 1517 356 1580 de
377 1515 440 1579 illis
463 1516 566 1589 bonis,
583 1536 649 1597 qua
667 1516 780 1577 oblata
803 1513 934 1577 suerunt
953 1514 985 1575 in
1006 1534 1084 1576 usus
1105 1523 1180 1576 tuos
1202 1513 1297 1575 utiles
1320 1523 1353 1577 et
1376 1515 1408 1576 in
1432 1516 1661 1579 necessitatem

311 1636 521 1700 relevandam
546 1636 780 1717 discipulorum
804 1644 944 1710 tuorum,
969 1643 1020 1697 set
1044 1634 1086 1696 de
1112 1643 1234 1696 statere
1261 1634 1408 1697 invento
1423 1636 1455 1698 in
1481 1657 1538 1699 ore
1564 1637 1662 1719 piscis

306 1757 437 1822 solvisti
469 1756 630 1820 tributum
661 1776 720 1836 per
753 1775 870 1816 manus
901 1754 998 1830 Petri,
1031 1754 1117 1834 quia,
1148 1763 1185 1817 ut
1214 1763 1355 1817 testatur
1384 1765 1517 1818 sanctus
1547 1757 1663 1819 doctor

311 1878 499 1960 Jeronimus
520 1878 552 1939 in
569 1875 824 1939 Commentariis
845 1895 942 1956 super
958 1874 1141 1952 Matheum‚
1157 1875 1281 1957 nephas
1301 1896 1371 1938 esse
1392 1879 1571 1958 cognovisti
1594 1898 1663 1942 rem

312 2002 426 2064 datam
450 2001 482 2062 in
507 2020 584 2061 usus
606 2007 738 2061 sanctos
762 2007 795 2060 et
818 2018 877 2079 pro
899 1997 1021 2059 sanctis
1044 1998 1241 2078 pauperibus
1264 1999 1342 2061 dare
1366 2000 1398 2060 in
1421 1999 1502 2062 alios
1526 2020 1603 2063 usus
1630 2011 1664 2064 et

307 2142 378 2187 ‘non
406 2122 613 2205 pauperibus.
659 2120 731 2183 Nec
756 2129 807 2183 est
831 2139 963 2182 securus
987 2119 1020 2181 in
1047 2120 1248 2182 consciencia
1273 2140 1384 2184 coram
1410 2122 1484 2185 Deo
1508 2122 1666 2203 quisquis,

310 2267 389 2310 cum
413 2266 481 2328 quo
508 2264 596 2326 papa
623 2243 801 2324 dispensat,
826 2242 903 2322 quia
933 2261 1022 2322 saepe
1048 2261 1134 2323 papa
1161 2242 1193 2303 in
1217 2241 1340 2324 judicio
1365 2242 1447 2305 fallit
1474 2251 1507 2305 et
1534 2242 1665 2320 fallitur,

309 2376 350 2430 ut
373 2375 466 2449 patet
491 2366 523 2427 in
545 2364 699 2445 antiquis,
715 2383 758 2426 sc.
778 2363 894 2444 quinto
916 2362 998 2426 libro
1020 2362 1244 2425 Decretalium
1264 2363 1305 2425 de
1325 2383 1454 2426 summa
1473 2385 1665 2429 excommu-

306 2488 490 2563 nicatione,
518 2495 552 2550 et
577 2485 728 2568 quamvis
754 2504 851 2566 papa,
878 2494 987 2547 motus
1013 2482 1066 2546 vel
1097 2484 1346 2565 importunitate
1374 2486 1488 2562 victus,
1515 2487 1665 2551 licenciet

312 2619 349 2672 te
364 2610 431 2672 duo
449 2606 609 2671 beneficia
624 2605 676 2668 vel
696 2626 739 2668 ex
757 2605 830 2687 jure
849 2604 1109 2687 incompatibilia
1129 2604 1259 2680 habere,
1276 2627 1342 2669 non
1362 2615 1432 2669 tum
1452 2617 1561 2689 potest
1577 2620 1666 2674 recte

309 2728 485 2793 licenciare
508 2738 542 2792 te
564 2729 607 2792 ad
630 2727 678 2791 sic
699 2727 891 2790 habendum
914 2736 949 2790 et
971 2727 1014 2789 ad
1037 2727 1083 2789 sic
1105 2726 1290 2790 laciendum
1312 2737 1349 2791 ut
1372 2728 1461 2806 sacis,
1484 2730 1561 2811 quia
1583 2730 1667 2795 sorte

313 2850 388 2914 ocio
413 2870 511 2914 vacas
538 2859 572 2913 et
599 2849 734 2912 delicias
761 2849 873 2925 nutris,
900 2868 961 2912 nec
987 2868 1046 2930 per
1075 2848 1177 2912 talem
1204 2848 1373 2912 licenciam
1400 2869 1496 2931 papae
1523 2851 1666 2917 intendis

311 2970 472 3055 perficere
493 2970 556 3034 Dei
578 2969 792 3047 voluntatem,
808 2971 866 3033 sed
888 2979 989 3047 tuam,
1005 2969 1079 3032 ideo
1099 2969 1143 3033 ad
1159 2969 1433 3053 dampnacionem
1454 2981 1546 3036 tuam
1568 2977 1668 3039 uteris

315 3110 413 3176 papae
437 3091 581 3168 licencia,
599 3100 684 3154 teste
707 3090 831 3156 Sancto
852 3090 1030 3168 Barnard0‚
1051 3090 1187 3154 doctore
1211 3100 1245 3154 et
1267 3091 1388 3154 abbate
1410 3091 1610 3170 Clarevallis‚
1635 3099 1668 3163 in

314 3212 469 3296 Epistola
484 3233 544 3275 sua
559 3211 661 3274 nobili
677 3209 720 3273 ad
737 3210 850 3274 Adam
866 3210 1065 3274 monachum
1081 3213 1124 3275 de
1143 3211 1345 3275 obediencia.
1392 3213 1437 3277 Et
1458 3214 1490 3277 in
1513 3216 1667 3299 Epistola

315 3355 375 3399 sua
397 3334 440 3397 ad
466 3333 651 3397 Robertum
673 3332 923 3397 Cluniacensem
947 3332 1156 3410 monachum,
1174 3334 1220 3397 sic
1241 3334 1289 3398 ait
1311 3334 1398 3396 idem
1423 3334 1566 3402 Sanctus
1589 3340 1666 3404 Ber·

316 3458 448 3530 nardus,
465 3455 573 3538 ‘Quid
594 3454 682 3518 valet
703 3453 763 3517 tibi
785 3454 912 3536 papalis
933 3455 1075 3527 licencia,
1092 3455 1184 3536 cujus
1204 3457 1440 3520 conscienciam
1461 3458 1542 3541 ligat
1558 3462 1669 3526 divina

315 3577 484 3642 sentencia
496 3575 527 3640 ‚³³
554 3576 647 3640 Deus
663 3575 761 3654 enim,
777 3585 922 3639 testante
938 3576 1108 3659 propheta,
1119 3576 1268 3658 justicias
1285 3577 1457 3658 judicabit,
1474 3601 1552 3662 ergo
1568 3582 1669 3664 injus-

314 3698 411 3763 ticias
428 3697 612 3779 judicabit3
636 3698 787 3780 quamvis
809 3718 886 3779 ergo
903 3697 994 3780 Papa
1011 3699 1181 3762 Romanus
1201 3699 1285 3762 sorte
1306 3701 1440 3764 credens
1461 3712 1495 3766 te
1510 3714 1668 3784 sanctum,

313 3820 451 3902 justum,
472 3828 508 3884 et
532 3820 701 3896 scientem,
723 3828 758 3882 te
780 3818 962 3882 licenciavit
983 3821 1026 3883 ad
1048 3821 1172 3902 aliquid
1196 3820 1382 3884 faciendum
1403 3823 1457 3886 vel
1480 3826 1521 3887 ad
1544 3827 1669 3909 aliquid

316 3940 519 4017 habendum,
542 3961 609 4004 non
629 3948 703 4004 tum
725 3940 907 4004 licenciavit
930 3961 991 4003 nec
1013 3940 1185 4005 licenciare
1206 3943 1315 4024 potuit
1337 3944 1380 4007 ad
1401 3945 1587 4010 laciendum
1610 3969 1670 4013 nec

314 4061 361 4127 ad
385 4060 580 4125 habendum
604 4083 644 4124 eo
667 4063 768 4125 modo
795 4082 856 4125 nec
883 4082 922 4125 eo
947 4062 1053 4127 abusu
1078 4084 1144 4144 quo
1166 4065 1320 4140 abuteris,
1343 4074 1375 4129 et
1400 4087 1466 4148 quo
1492 4069 1613 4134 viciose
1636 4081 1670 4136 et

318 4183 405 4247 male
430 4184 540 4248 uteris.
586 4183 686 4247 Forte
709 4196 887 4266 exemptus
914 4205 950 4247 es
974 4185 1016 4248 ab
1039 4186 1154 4250 ordine
1179 4187 1342 4270 religionis
1366 4198 1402 4252 ut
1429 4189 1554 4253 meliori
1576 4214 1672 4256 vaces

316 4305 411 4388 operi
439 4304 600 4369 doctrinae
626 4313 660 4369 et
686 4326 772 4369 curae
799 4307 991 4385 animarum,
1016 4317 1048 4370 et
1076 4316 1111 4371 tu
1135 4329 1154 4372 e
1177 4309 1339 4373 contrario
1362 4311 1486 4375 deliciis
1508 4334 1614 4388 vacas,
1639 4325 1672 4378 et
