3818 4904
291 398 335 474 46
670 405 768 460 LOCI
794 405 823 458 E
851 404 976 458 LIBRO
1012 404 1270 461 VERITATUM.

294 623 474 701 hominum,
491 623 546 705 qui
569 632 786 706 peccaverunt
808 644 866 705 per
890 632 923 686 te
947 630 980 686 et
1002 643 1061 704 per
1084 623 1266 686 mocionem
1290 632 1381 687 tuam
1398 632 1431 686 et
1450 622 1642 706 exemplum

295 745 419 808 malum
443 754 476 808 et
499 766 557 827 per
578 753 671 808 tuam
695 745 916 825 ignoranciam
940 752 973 806 et
996 743 1240 826 necligenciam.

381 875 418 942 [p.
437 875 507 940 418]
554 865 776 930 Consimiliter
805 865 927 928 diceret
963 866 1143 947 episcopus,
1174 865 1229 946 qui
1265 865 1368 928 mittit
1398 864 1555 928 vicarium
1590 862 1643 927 vel

295 997 455 1050 rectorem
485 987 668 1049 animarum
698 985 793 1049 alicui
823 983 995 1067 parochiae,
1022 983 1075 1046 vel
1106 984 1267 1048 decanum
1298 984 1349 1048 vel
1377 984 1643 1049 archidiaconum

295 1106 327 1169 in
360 1127 471 1170 curam
501 1106 553 1169 vel
584 1108 617 1168 in
648 1105 873 1169 visitacionem
904 1103 1107 1187 spiritualem
1137 1104 1332 1179 animarum,
1362 1114 1396 1168 et
1431 1103 1645 1168 consimiliter

295 1227 417 1290 diceret
445 1246 505 1289 rex
528 1236 561 1290 et
586 1226 725 1309 quilibet
755 1226 810 1307 qui
841 1225 944 1289 mittit
970 1225 1003 1287 in
1027 1224 1183 1307 populum
1213 1225 1276 1287 Dei
1297 1225 1441 1307 judicem
1464 1224 1517 1288 vel
1543 1226 1643 1289 offici-

294 1347 422 1424 arium3
448 1348 571 1410 diceret
598 1348 685 1409 enim
712 1347 885 1430 episcopus
911 1345 1036 1428 populo
1060 1345 1111 1407 cui
1139 1345 1240 1409 mittit
1264 1366 1385 1409 novum
1411 1354 1569 1409 rectorem
1591 1345 1644 1409 vel

293 1467 449 1532 vicarium
465 1467 517 1531 vel
537 1467 727 1531 officiarium
748 1487 824 1531 cum
841 1466 1057 1531 Sanctissimo
1078 1465 1182 1528 Paulo
1196 1465 1372 1548 Apostolo‚
1389 1466 1514 1549 ‘Spero
1531 1477 1652 1531 autem

295 1589 328 1650 in
360 1587 506 1651 Domino
528 1587 607 1668 Jesu
629 1586 844 1651 Timotheum
869 1587 935 1650 cito
966 1606 1019 1649 me
1049 1586 1180 1649 mittere
1209 1587 1251 1649 ad
1278 1608 1345 1664 vos,
1368 1587 1534 1650 neminem
1557 1587 1644 1650 enim

294 1707 402 1770 habeo
432 1718 502 1771 tam
533 1707 732 1785 unanimem,
758 1708 814 1789 qui
845 1706 969 1770 sincera
994 1705 1170 1770 alleccione
1199 1726 1258 1787 pro
1287 1706 1382 1770 uobis
1408 1706 1554 1771 solicitus
1583 1704 1645 1771 sit.’

296 1826 351 1892 Sic
375 1848 434 1891 rex
450 1829 572 1891 diceret
596 1837 629 1891 et
644 1826 782 1910 quilibet
798 1836 954 1910 patronus
970 1826 1178 1890 ecclesiarum
1200 1837 1233 1890 et
1248 1826 1388 1909 quilibet
1403 1827 1571 1891 ordinator
1585 1827 1645 1890 ali-

295 1947 387 2028 cujus
411 1948 555 2012 officiarii
577 1948 609 2009 in
632 1947 756 2029 populo
780 1947 853 2022 Dei,
871 1945 999 2010 ‘Credo
1023 1947 1056 2009 in
1081 1947 1226 2010 Domino
1248 1946 1336 2027 Jesu,
1356 1948 1446 2028 quod
1468 1968 1511 2010 ex
1535 1948 1645 2029 gracia

295 2089 364 2141 sua,
384 2067 440 2149 qui
463 2068 556 2131 dedit
579 2067 678 2131 michi
700 2068 784 2131 bene
804 2067 897 2145 velle,
914 2087 967 2130 me
990 2067 1056 2131 cito
1079 2068 1209 2130 mittere
1231 2068 1273 2130 ad
1297 2067 1413 2143 vos,O
1436 2068 1644 2150 parochiani!

295 2187 419 2250 bonum
435 2196 594 2265 curatum,
610 2188 734 2251 bonum
759 2197 927 2264 rectorem,
943 2188 1067 2250 bonum
1090 2188 1330 2270 praesidentem,
1347 2209 1403 2251 seu
1427 2189 1550 2253 bonum
1574 2190 1645 2253 offi-

295 2308 430 2372 ciarium
447 2317 480 2371 et
503 2309 729 2386 sufficientem,
745 2309 788 2371 ad
805 2330 843 2371 ea
858 2308 988 2391 agenda
1008 2329 1083 2390 quae
1107 2310 1191 2372 inter
1204 2330 1263 2372 vos
1285 2310 1416 2390 agenda
1434 2319 1521 2373 sunt.
1566 2310 1645 2373 Non

295 2429 383 2492 enim
409 2428 518 2492 habeo
544 2448 607 2510 ego
636 2439 795 2512 patronus
825 2428 981 2504 ecclesiae,
1008 2449 1068 2492 nec
1096 2450 1158 2510 ego
1185 2430 1366 2512 episcopus,
1394 2451 1451 2494 seu
1483 2450 1545 2513 ego
1575 2451 1644 2504 rex,

296 2569 362 2613 non
391 2548 499 2612 habeo
526 2558 596 2612 tam
627 2549 817 2612 unanimem
846 2548 962 2624 virum,
989 2558 1060 2612 tam
1090 2542 1187 2612 bonae
1216 2549 1407 2627 voluntatis²
1432 2550 1488 2634 qui
1519 2552 1645 2616 sincera

295 2669 472 2732 alleccione
498 2689 558 2750 pro
583 2668 677 2732 vobis
701 2668 847 2733 solicitus
873 2670 936 2746 sit3
969 2689 1014 2732 sc.
1036 2690 1097 2751 pro
1123 2671 1229 2734 salute
1258 2672 1441 2734 animarum
1463 2680 1645 2736 vestrarum

295 2790 378 2854 sicut
409 2789 472 2852 iste
503 2797 553 2851 est
583 2808 682 2870 quem
712 2808 775 2870 ego
805 2788 902 2852 mitto
932 2785 1046 2853 uobis?
1095 2790 1181 2871 Jam‚
1214 2790 1245 2857 O
1276 2792 1421 2855 Domine
1450 2792 1529 2873 Jesu
1557 2792 1644 2857 Xtel

295 2909 346 2973 fac
375 2917 533 2991 patronos
559 2918 592 2972 et
623 2910 795 2992 episcopos
825 2918 859 2972 et
885 2929 978 2993 reges
1008 2909 1065 2972 tali
1094 2911 1194 2974 modo
1225 2910 1332 2976 dicere
1362 2922 1397 2976 et
1426 2933 1502 2977 vere
1530 2912 1645 2991 lacere,

296 3038 334 3093 ut
367 3030 501 3093 mittant
529 3050 623 3094 veros
657 3029 823 3113 operarios
853 3030 885 3092 in
914 3031 1044 3094 vineam
1077 3031 1233 3096 ecclesiae.
1294 3031 1324 3096 O
1356 3032 1501 3097 Domine
1531 3034 1644 3097 Deus!

297 3151 422 3233 respice
442 3151 485 3213 de
505 3149 599 3228 coelo,
616 3160 649 3214 et
666 3151 743 3214 vide
763 3159 797 3215 et
817 3151 912 3214 visita
929 3152 1027 3215 istam
1043 3151 1173 3215 vineam
1193 3151 1346 3230 ecclesiae,
1362 3173 1462 3235 quam
1484 3153 1647 3235 plantavit

296 3272 436 3336 dextera
456 3280 523 3334 tua.
569 3269 752 3353 Singularis
775 3272 862 3334 enim
884 3272 972 3335 serus
992 3273 1150 3355 depastus
1171 3283 1222 3337 est
1244 3295 1341 3351 eam;
1364 3275 1418 3338 ie.
1441 3275 1647 3339 inordinatus

295 3393 464 3476 appetitus
484 3391 628 3456 habendi
644 3412 691 3467 ea,
708 3413 783 3475 quae
798 3402 920 3456 nocent
934 3393 1074 3471 animae3
1097 3395 1241 3461 vastavit
1256 3415 1351 3474 eam3
1375 3395 1430 3459 ie.
1446 3396 1542 3477 plura
1558 3395 1646 3461 mala

295 3513 429 3578 induxit
454 3513 487 3575 in
510 3513 690 3577 ecclesiam.

383 3643 422 3710 [p.
442 3642 514 3712 419]
567 3633 709 3698 Sanctus
739 3634 921 3717 episcopus,
953 3654 1092 3717 magnus
1121 3636 1269 3699 Thomas
1301 3635 1553 3715 Cantuariensis,
1584 3636 1646 3700 suit

296 3754 421 3819 electus
451 3756 484 3818 in
511 3755 736 3837 episcopatum
766 3753 1037 3820 Cantuariensem
1061 3756 1244 3820 Londoniis
1265 3755 1562 3821 Westmonasterio
1588 3776 1648 3841 per

297 3877 469 3958 episcopos
498 3895 575 3939 suos
608 3875 842 3958 suffraganeos,
873 3888 907 3940 et
940 3897 999 3958 per
1031 3877 1209 3941 monachos
1239 3878 1416 3959 deputatos
1448 3876 1646 3956 Cantuariae,

297 3997 431 4077 quando
457 3997 528 4080 ipse
553 3995 704 4061 Thomas
731 3997 838 4061 Beket
864 3996 988 4062 electus
1014 3999 1047 4062 in
1075 4000 1266 4081 episcopum
1290 3997 1560 4063 Cantuariensem
1585 3997 1647 4064 fuit

297 4116 421 4180 ordinis
443 4117 645 4194 diaconatus,
660 4126 694 4182 et
716 4117 778 4182 luit
799 4117 923 4182 electus
945 4119 978 4182 in
1001 4119 1093 4183 illum
1118 4119 1307 4202 episcopum
1330 4119 1410 4182 feria
1432 4128 1467 4197 4⁸
1489 4121 1522 4184 in
1545 4121 1648 4184 ebdo-

298 4237 398 4301 mada
429 4237 647 4316 Pentecostes,
674 4247 708 4303 et
739 4239 771 4302 in
804 4238 953 4304 Sabbato
982 4250 1108 4323 postea,
1139 4261 1182 4305 sc.
1218 4241 1250 4304 in
1277 4240 1388 4322 vigilia
1419 4239 1646 4305 Sanctissimae
