3818 4904
297 388 356 451 118
671 397 771 454 LOCI
796 398 826 451 E
855 398 980 452 LIBRO
1017 397 1274 453 VERITATUM.

294 621 354 690 est,
373 621 554 695 antequam
577 622 775 686 nasceretur,
800 631 865 673 non
886 608 967 674 fuit?
1013 611 1096 674 Inde
1119 610 1323 689 Manicheus,
1343 619 1379 673 ut
1401 611 1512 674 Deum
1533 631 1553 673 a
1573 630 1651 674 con·

294 732 424 796 dicione
448 731 612 795 malorum
637 730 763 807 liberet,
784 730 927 795 alterum
952 729 1031 793 mali
1055 730 1181 795 inducit
1205 739 1386 795 auctorem.
1431 731 1515 794 Inde
1538 730 1652 794 Nova-

294 862 349 917 tus
364 852 528 915 subtrahit
547 851 679 915 veniam
701 860 737 914 ut
757 850 854 915 tollat
874 849 1118 933 poenitenciam,
1133 860 1167 914 et
1183 850 1226 915 de
1247 850 1312 914 illis
1332 850 1479 914 sontibus
1500 851 1653 914 universa

294 974 454 1056 dogmata
469 982 630 1053 tanquam
647 971 974 1054 argumentacionum
993 992 1126 1034 suerum
1147 971 1268 1035 rivulos
1282 971 1426 1050 trahunt,
1441 971 1463 1034 i.
1473 992 1501 1035 e.
1517 992 1538 1034 a
1555 971 1652 1035 dictis

295 1092 426 1156 illorum
447 1071 720 1174 philosophorum
741 1101 901 1173 tanquam
920 1111 941 1154 a
958 1091 1026 1155 suis
1047 1092 1214 1174 principiis
1234 1092 1409 1170 affirmant,
1427 1100 1462 1156 et
1482 1092 1652 1155 deducunt

294 1234 372 1278 suas
387 1211 624 1277 conclusiones.
671 1211 754 1276 Haec
769 1211 969 1293 Jeronimus.

383 1342 422 1410 [p.
446 1341 516 1408 57⁶]
559 1338 803 1406 Indulgenoioe·
851 1331 1016 1395 Homines
1041 1333 1190 1396 moderni
1208 1307 1336 1410 dicunt,
1357 1333 1457 1396 ‘Non
1483 1342 1535 1397 est
1556 1331 1652 1396 nobis

295 1475 374 1519 cura
396 1453 439 1516 de
460 1453 573 1534 aliquo
598 1463 745 1535 peccato,
767 1451 836 1527 sed,
860 1451 887 1514 si
913 1452 1003 1528 libet,
1026 1452 1163 1518 facimus
1185 1454 1252 1517 acsi
1279 1454 1410 1532 liceret3
1444 1452 1652 1537 peccavimus

295 1583 331 1639 et
353 1572 453 1651 nichil
474 1573 570 1636 nobis
591 1571 731 1651 accidit;
760 1582 794 1636 et
816 1572 843 1634 si
865 1572 1116 1654 peccaverimus,
1140 1594 1207 1637 non
1230 1574 1429 1652 timebimuS,
1449 1573 1526 1656 quia
1548 1592 1652 1655 prope

295 1704 347 1760 est
370 1714 508 1777 regnum
531 1693 605 1768 Dei,
627 1702 662 1756 et
686 1694 728 1765 ad
755 1691 902 1762 hostiurn
929 1701 1078 1756 nostrum
1101 1702 1152 1758 est
1176 1694 1308 1773 Roma3
1338 1694 1417 1777 quia
1439 1692 1596 1756 facillime
1619 1700 1654 1756 et

295 1814 452 1880 citissime
474 1812 670 1878 habebimus
689 1812 820 1876 veniam
841 1812 956 1895 culpae,
972 1822 1006 1879 et
1028 1813 1137 1880 omnis
1159 1834 1277 1895 poenae,
1292 1813 1319 1877 si
1340 1815 1457 1878 demus
1477 1812 1653 1895 pecuniam

295 1937 339 2000 ab
356 1933 546 2011 habendam
562 1932 807 2015 indulgenciam
828 1932 982 2014 papalem
994 1930 1017 1998 :’
1044 1942 1077 1997 et
1093 1934 1140 1997 sic
1155 1934 1315 1998 omittunt
1333 1942 1427 1999 actus
1444 1953 1532 1998 verae
1546 1933 1654 2014 poeni·

295 2054 423 2131 tenciae‚
440 2062 474 2117 et
496 2062 589 2118 actus
612 2054 734 2116 debitae
753 2053 903 2134 justiciae,
918 2074 1002 2135 quos
1024 2061 1180 2118 tenentur
1201 2053 1317 2132 facere,
1335 2054 1485 2136 quamvis
1510 2052 1653 2117 Sanctus

296 2175 413 2239 Petrus
435 2174 524 2237 dixit
545 2172 694 2237 Actuum
718 2173 767 2255 iij⁰
793 2172 949 2255 capitulo
977 2173 1207 2239 ‘Poenitemini
1231 2174 1331 2256 igitur
1352 2182 1388 2238 et
1413 2172 1653 2250 convertimini,

295 2316 340 2359 sc.
361 2296 406 2360 ad
425 2314 526 2377 opera
546 2292 660 2365 debita
679 2292 829 2375 justiciae,
852 2303 889 2357 ut
910 2293 1082 2364 deleantur
1103 2303 1214 2367 vestra
1233 2291 1390 2377 peccata!
1414 2342 1450 2359 ..
1474 2342 1484 2358 .
1506 2341 1515 2357 .
1539 2293 1654 2357 Plures

296 2416 385 2498 enim
407 2425 486 2487 sunt
511 2414 652 2478 absoluti
677 2413 834 2478 vocaliter
855 2435 875 2478 a
897 2415 1069 2479 sacerdote
1096 2413 1129 2477 in
1156 2416 1259 2493 terris,
1282 2424 1315 2478 et
1342 2414 1375 2479 in
1400 2413 1471 2477 foro
1501 2414 1571 2490 soli,
1595 2413 1652 2496 qui

295 2557 363 2600 non
387 2545 465 2599 sunt
488 2533 633 2601 absoluti
655 2556 675 2613 a
699 2535 774 2598 Deo
798 2536 831 2598 in
853 2534 924 2598 soro
946 2534 1024 2617 poli,
1047 2545 1082 2599 et
1104 2534 1198 2617 plura
1224 2544 1382 2618 putantur
1405 2555 1478 2602 esse
1500 2533 1593 2616 justa
1618 2535 1655 2598 in

295 2656 368 2721 foro
390 2655 460 2734 soli,
478 2656 534 2737 qui
557 2666 635 2730 sunt
656 2654 779 2737 injusta
801 2656 834 2718 in
857 2655 927 2718 foro
949 2654 1026 2737 poli,
1045 2663 1083 2718 ut
1105 2663 1246 2719 testatur
1268 2653 1411 2719 Sanctus
1431 2654 1654 2737 Augustinus.

298 2823 306 2840 .
329 2826 364 2841 ..
388 2825 396 2840 .
417 2776 495 2857 Jam
519 2776 606 2839 enim
630 2776 838 2859 episcopatus
861 2784 1000 2858 pereunt
1023 2785 1057 2839 et
1080 2795 1158 2838 cura
1179 2775 1372 2854 animarum,
1391 2776 1469 2858 quia
1492 2775 1652 2840 habentes

297 2917 419 2984 magna
438 2896 546 2960 officia
566 2906 600 2959 et
620 2897 725 2960 eciam
747 2898 887 2960 abbates
908 2905 943 2960 et
963 2895 1105 2978 religiosi
1129 2906 1265 2960 manent
1288 2897 1321 2959 in
1344 2898 1440 2960 curiis
1464 2896 1653 2978 temporali·

296 3018 368 3095 bus,
386 3018 419 3080 in
437 3017 552 3080 officiis
570 3017 817 3098 temporalibus,
836 3027 870 3081 et
893 3017 926 3080 in
949 3017 1099 3097 coquinis
1119 3015 1329 3080 dominorum
1352 3018 1603 3091 mundanorum,
1619 3025 1654 3081 et

296 3139 331 3202 in
356 3137 472 3202 officiis
498 3138 689 3215 eorundem.
734 3137 905 3202 Tenentur
931 3139 1019 3200 enim
1046 3136 1139 3215 tales,
1161 3138 1223 3200 sub
1249 3157 1351 3219 poena
1375 3146 1508 3202 aetemae
1534 3138 1653 3220 damp-

297 3259 452 3338 nacionis,
467 3258 632 3340 resignare
652 3258 761 3322 officia
780 3257 928 3322 ecclesiae
946 3267 980 3322 et
1001 3278 1112 3323 curam
1133 3258 1318 3321 animarum
1336 3258 1414 3340 quia
1434 3279 1494 3327 nec
1513 3268 1655 3342 possunt

297 3401 358 3445 nec
373 3381 481 3444 sciunt
497 3380 572 3443 Deo
591 3379 730 3444 reddere
744 3378 892 3443 debitam
915 3379 1080 3455 racionem
1096 3378 1309 3442 villicacionis
1323 3399 1400 3454 suae,
1417 3379 1468 3442 i.e.
1483 3379 1534 3442 sui
1554 3380 1654 3449 officii

297 3512 332 3566 et
353 3522 423 3565 suae
445 3521 542 3572 curae.
567 3547 575 3562 .
599 3549 607 3575 ,
632 3547 640 3564 .
665 3500 725 3577 Ille
745 3501 833 3565 enim
852 3522 922 3579 rex,
937 3522 995 3565 seu
1013 3501 1176 3579 dominus,
1191 3521 1249 3564 seu
1267 3500 1351 3564 alius
1369 3500 1579 3582 quiscunque,
1595 3501 1653 3585 qui

297 3621 385 3700 iacit,
407 3621 459 3699 vel
485 3621 556 3704 fieri
582 3622 718 3698 laborat,
742 3644 799 3686 seu
822 3621 960 3705 adjuvat
982 3621 1127 3704 aliquem
1155 3621 1232 3715 eligi
1255 3642 1313 3685 seu
1338 3621 1481 3685 ordinari
1506 3621 1541 3685 in
1567 3621 1654 3704 epis-

297 3763 428 3827 copum,
447 3752 616 3819 rectorem,
636 3743 792 3826 judicem,
814 3743 981 3819 abbatem,
1004 3765 1063 3807 seu
1085 3743 1277 3811 officiarium
1300 3743 1333 3813 in
1354 3742 1488 3826 populo,
1504 3743 1574 3807 sine
1594 3744 1654 3808 de·.

297 3865 368 3928 bita
386 3865 573 3929 intencione
593 3875 627 3929 et
643 3886 734 3947 pura,
750 3875 785 3929 et
804 3866 875 3929 sine
890 3865 1003 3929 debita
1024 3864 1155 3940 noticia,
1171 3865 1260 3948 quod
1276 3863 1332 3927 illa
1347 3885 1495 3946 persona,
1510 3885 1571 3948 pro
1586 3885 1654 3948 qua

298 3985 409 4065 instat,
424 3986 527 4051 habet
548 3987 734 4065 scienciam,
749 3986 947 4069 potenciam,
963 3994 997 4050 et
1016 3984 1222 4057 voluntatem
1242 3986 1286 4050 ad
1309 3984 1497 4051 iaciendum
1519 4007 1560 4050 ea
1577 4006 1653 4069 quae

299 4105 333 4168 in
356 4105 413 4169 illo
435 4107 543 4172 officio
566 4107 691 4186 fierent,
710 4109 785 4173 Deo
804 4107 954 4190 jubente,
975 4127 1049 4171 reus
1072 4116 1123 4170 est
1145 4126 1255 4169 coram
1279 4106 1354 4170 Deo
1376 4106 1524 4175 omnium
1547 4104 1652 4172 malo·

301 4245 384 4312 rum,
406 4246 481 4309 quae
507 4229 702 4310 perveniunt
724 4248 783 4310 per
807 4227 976 4293 delectum
1004 4227 1100 4306 illius,
1122 4247 1222 4310 quem
1245 4238 1418 4310 promovet
1439 4229 1483 4298 ad
1505 4227 1653 4310 regimen
