3818 4904
665 437 763 492 LOCI
788 437 818 490 E
847 435 971 491 LIBRO
1006 436 1262 493 VERITATUM.
1595 439 1635 507 57

287 643 456 727 Jeremias,
471 650 544 731 ‘qui
561 648 639 713 facit
656 671 757 732 opera
769 650 833 714 Dei
849 650 1070 733 negligenter,’
1087 652 1107 714 i.
1120 673 1147 716 e.
1163 673 1229 715 non
1245 673 1285 715 eo
1302 651 1402 715 modo
1414 671 1480 732 quo
1495 648 1636 724 faceret3

288 767 482 832 maledictus
506 780 555 834 est
578 791 657 852 ergo
681 773 737 853 qui
760 792 819 854 per
841 774 1086 856 promocionem
1110 794 1204 836 suam
1224 772 1277 838 vel
1297 771 1563 855 procuracionem
1586 778 1637 832 est

287 906 387 951 causa
404 910 506 972 quare
528 911 628 973 opera
652 892 715 954 Dei
738 892 848 956 fienda
871 893 903 955 in
924 892 1031 956 salute
1052 895 1234 956 animarum
1255 892 1466 975 negliguntur
1485 900 1519 954 et
1539 889 1637 951 omit·

287 1016 403 1073 tuntur
428 1010 462 1073 in
490 1011 578 1075 malo
608 1021 734 1075 rectore
763 1033 820 1075 seu
851 1011 1058 1094 praesidente,
1085 1015 1162 1095 quia
1192 1034 1292 1077 causa
1322 1033 1428 1076 causae
1459 1020 1509 1075 est
1538 1029 1637 1073 causa

287 1131 422 1205 causati,
443 1142 478 1196 et
499 1132 527 1194 si
550 1134 620 1214 ipse
649 1153 733 1214 opus
757 1132 907 1196 debitum
933 1132 1072 1209 fecisset,
1094 1134 1127 1196 in
1154 1134 1333 1197 collacione
1358 1133 1454 1197 officii
1481 1130 1637 1203 ecclesiae,

288 1249 332 1312 ibi
355 1250 471 1315 suisset
492 1252 524 1314 in
545 1253 634 1316 bono
649 1263 763 1316 curato
787 1252 847 1317 lux
871 1255 1029 1333 scienciae,
1050 1257 1137 1330 vitae,
1161 1264 1195 1318 et
1218 1255 1385 1333 doctrinae,
1401 1261 1435 1316 et
1457 1252 1550 1333 plura
1572 1249 1638 1313 alia

287 1369 384 1449 bona,
399 1393 475 1454 quae
494 1373 564 1456 jam
588 1395 654 1438 non
678 1384 762 1453 sunt,
777 1395 893 1457 ymmo
915 1376 1077 1439 contraria
1099 1376 1132 1437 in
1155 1394 1232 1439 cura
1254 1375 1410 1452 ecclesiae,
1425 1393 1483 1435 seu
1505 1370 1638 1448 diocesi,

288 1491 559 1574 multiplicantur.
602 1495 726 1558 Beatus
747 1504 797 1559 est
817 1496 873 1577 qui
895 1496 927 1558 in
948 1497 1158 1578 promocione
1175 1495 1312 1578 alicujus
1334 1492 1478 1559 attendit
1497 1512 1572 1574 quae
1595 1491 1639 1553 sit

286 1613 440 1678 voluntas
456 1615 520 1678 Dei
536 1616 632 1694 bona,
647 1616 878 1699 beneplacens,
894 1626 928 1680 et
944 1616 1096 1699 perfecta,
1112 1626 1149 1680 ut
1167 1615 1269 1680 talem
1287 1616 1446 1693 instituat,
1462 1613 1513 1678 cui
1529 1612 1638 1676 dicere

287 1743 408 1817 potest,
453 1735 663 1800 ‘Secundum
689 1738 808 1814 Deum,
833 1739 876 1801 ad
899 1739 1011 1802 omnia
1033 1759 1108 1820 quae
1131 1738 1234 1802 mittit
1255 1747 1289 1802 te
1314 1738 1415 1815 Deus,
1439 1731 1520 1813 ibis,'
1553 1733 1638 1796 sicut

289 1854 453 1919 Dominus
473 1858 560 1922 dixit
579 1857 742 1939 Jeremiae,
765 1859 840 1922 ‘Ad
862 1861 972 1923 omnia
997 1880 1072 1941 quae
1099 1860 1229 1923 mittam
1256 1869 1290 1924 te
1314 1856 1393 1923 ibis'
1450 1856 1572 1920 Beatus
1595 1854 1638 1917 sit

287 1996 308 2039 a
325 1975 400 2040 Deo
415 1977 472 2059 qui
495 1979 527 2041 in
551 1980 715 2043 eleccione
738 1980 951 2063 praesidentis,
975 1983 1129 2064 episcopi,
1152 1982 1286 2045 rectoris
1309 1980 1433 2064 populi,
1456 1989 1490 2043 et
1509 1976 1637 2060 judicis,

287 2119 365 2162 vere
387 2101 468 2164 dicit
489 2101 590 2164 verba
616 2122 690 2183 quae
713 2103 800 2166 dixit
823 2103 951 2167 Pharao
973 2105 1015 2167 ad
1031 2102 1165 2186 Joseph,
1183 2101 1314 2166 Genisis
1334 2108 1400 2179 40⁰,
1417 2101 1545 2163 ‘Primo
1560 2098 1639 2179 quia

288 2220 434 2285 ostendit
449 2222 509 2285 tibi
526 2222 690 2286 Dominus
708 2224 819 2286 omnia
834 2245 909 2306 quae
925 2224 1053 2288 locutus
1068 2223 1121 2302 es,'
1142 2243 1186 2288 sc.
1202 2225 1352 2288 docendo
1368 2230 1401 2286 et
1419 2219 1639 2307 praedicando,

289 2348 323 2404 et
347 2331 488 2405 similem
511 2344 559 2406 tui
585 2345 731 2408 invenire
756 2365 822 2407 non
844 2353 971 2427 potero,
993 2345 1066 2408 ideo
1097 2344 1251 2408 constitui
1275 2354 1309 2408 te
1331 2365 1428 2427 super
1454 2345 1638 2406 universam

288 2471 410 2526 terram
434 2461 568 2546 Egipti‚’
591 2464 611 2528 i.
621 2486 649 2528 e.
674 2464 831 2529 ecclesiae.
876 2465 988 2529 Malus
1013 2466 1191 2548 dispositor
1212 2464 1346 2528 familiae
1367 2465 1480 2528 domui
1503 2471 1562 2539 est,
1583 2459 1638 2542 qui

288 2581 322 2646 in
344 2585 480 2648 servicio
500 2585 626 2648 domini
648 2587 698 2650 sui
722 2608 787 2649 non
810 2586 940 2650 ordinat
960 2606 1026 2665 eos,
1041 2586 1098 2669 qui
1116 2586 1231 2662 sciunt,
1252 2596 1286 2650 et
1304 2593 1451 2668 possunt,
1471 2592 1504 2648 et
1522 2581 1638 2645 volunt

289 2703 406 2769 melius
424 2704 560 2770 domino
575 2727 635 2771 suo
651 2708 780 2786 servire,
796 2709 854 2771 sed
870 2708 995 2771 amicos
1011 2727 1087 2770 suos
1103 2706 1243 2785 ordinat,
1258 2715 1295 2771 ut
1311 2707 1457 2771 ditentur
1472 2707 1504 2768 in
1519 2702 1636 2777 offici0,

289 2825 346 2906 qui
369 2826 542 2891 servicium
572 2828 721 2891 debitum
751 2829 931 2907 omittunt;
969 2829 1025 2904 sic,
1047 2847 1098 2891 vae
1128 2827 1210 2892 illis!
1243 2827 1299 2910 qui
1330 2826 1502 2892 conferunt
1531 2824 1638 2888 officia

290 2945 438 3010 ecclesiae
461 2949 576 3011 amicis
598 2948 666 3011 suis
688 2948 881 3024 carnalibus,
906 2969 964 3030 per
986 2969 1070 3030 quos
1092 2958 1185 3012 actus
1209 2947 1310 3011 divini
1333 2947 1439 3011 cultus
1464 2956 1498 3010 et
1524 2944 1639 3008 salutis

289 3067 472 3131 animarum
501 3071 708 3148 omittuntur,
733 3078 767 3132 et
796 3070 858 3152 ipsi
888 3069 1035 3132 ditantur
1064 3070 1107 3132 de
1137 3068 1233 3132 bonis
1263 3069 1418 3146 ecclesiae,
1445 3088 1520 3149 quae
1546 3066 1639 3129 Deus

289 3187 428 3252 contulit
457 3198 495 3254 ut
525 3190 664 3252 ministri
691 3189 837 3254 ecclesiae
865 3189 973 3267 libere,
999 3198 1032 3252 et
1062 3191 1132 3252 sine
1157 3208 1256 3252 onere
1285 3188 1476 3270 temporalis
1505 3186 1639 3263 servicii,

289 3319 443 3373 vacarent
459 3310 602 3374 oracioni
619 3320 652 3374 et
668 3311 897 3393 praedicacioni
913 3319 947 3374 et
963 3309 1074 3374 studio
1089 3329 1189 3372 sacrae
1206 3311 1384 3391 scripturae‚
1400 3329 1491 3373 more
1505 3315 1639 3390 aposto·

289 3429 398 3494 lorum
417 3429 567 3495 Actuum
589 3440 696 3510 sext0,
717 3442 754 3496 ut
773 3440 914 3495 testatur
937 3429 1080 3495 Sanctus
1100 3430 1287 3511 Jeronimus
1305 3449 1404 3513 super
1420 3428 1532 3510 Josua.
1576 3424 1639 3489 Vae

288 3571 368 3633 ergo
394 3551 475 3615 illis!
508 3554 564 3633 qui
592 3552 749 3634 exemplo
777 3551 856 3615 Heli
882 3551 1122 3616 maledicuntur
1146 3572 1167 3615 a
1191 3551 1347 3627 Domino,
1373 3551 1450 3632 quia
1476 3547 1640 3611 honorant

288 3673 414 3735 amicos
443 3692 519 3735 suos
549 3672 695 3736 carnales
726 3673 822 3736 bonis
852 3672 998 3736 ecclesiae
1026 3671 1132 3754 magis
1157 3692 1257 3755 quam
1286 3671 1405 3749 Deum,
1434 3666 1639 3751 praeierendo

288 3791 493 3856 voluntatem
515 3793 679 3857 carnalem
702 3794 881 3857 amicorum
905 3813 1037 3856 suorum
1057 3793 1164 3876 magis
1179 3812 1280 3875 quam
1297 3791 1360 3855 Dei
1379 3790 1582 3854 voluntatem
1605 3787 1638 3850 in

288 3912 499 3995 praeficiendo
522 3915 628 3978 bonos
644 3923 784 3978 curatos.
832 3913 911 3977 Heli
934 3914 1021 3977 enim
1044 3914 1216 3977 honoravit
1239 3913 1323 3976 filios
1343 3933 1419 3976 suos
1441 3910 1515 3992 plus
1537 3927 1639 3990 quam

289 4033 401 4097 Deum
418 4035 451 4096 in
466 4034 538 4113 hoc,
555 4036 644 4117 quod
668 4056 725 4100 eos
749 4055 813 4098 non
837 4034 966 4117 expulit
982 4034 1024 4098 ab
1040 4035 1147 4099 officio
1163 4034 1317 4112 ecclesiae,
1332 4034 1390 4096 sed
1413 4030 1561 4113 permisit
1582 4048 1639 4092 eos

288 4164 377 4219 stare
398 4155 431 4217 in
454 4155 562 4219 officio
580 4157 787 4220 sacerdotum
806 4165 939 4239 propter
957 4156 1190 4239 pinguedinem
1210 4155 1425 4230 victimarum,
1441 4160 1478 4215 ut
1499 4159 1641 4214 testatur

291 4273 435 4340 Sanctus
461 4274 648 4355 Jeronimus
678 4286 792 4343 contra
823 4277 1017 4360 Pelagianos
1046 4278 1228 4343 haereticos.
1289 4275 1345 4340 Sic
1378 4274 1440 4358 ipsi
1474 4273 1639 4337 honorant

961 4394 973 4442 1
