3818 4904
660 441 760 497 Locr
786 441 815 495 E
844 440 970 495 erano
1006 439 1264 496 vnnrrnruM.
1502 487 1508 501 ,
1585 393 1646 517 '5'5'

284 677 350 720 non
366 655 503 720 alterius
519 656 671 719 contrarii
688 656 807 734 michi3
830 654 968 737 gloriam
985 674 1094 718 meam
1113 654 1146 716 in
1162 653 1209 716 eis
1224 675 1343 736 quaere,
1356 674 1422 717 non
1438 665 1539 735 tuam,
1551 656 1641 722 lucra

285 798 368 855 mea,
384 797 451 840 non
467 786 533 853 tua,
551 775 736 856 dampnum
756 795 877 852 meum,
894 793 960 837 non
975 784 1080 838 tuum.
1117 771 1280 837 Attende.
1326 773 1442 837 Petrus
1462 777 1640 858 pascebat3

285 909 322 963 ut
342 904 464 979 pastor,
486 904 602 973 rector,
619 903 654 959 et
674 896 746 958 dux
767 895 890 977 populi,
907 895 1040 977 quando
1056 893 1198 970 dicebat,
1215 891 1293 971 ‘Tu,
1311 895 1465 973 Domine,
1482 897 1538 978 qui
1554 898 1641 961 nosti

286 1018 388 1082 corda
404 1018 563 1095 omnium,
579 1016 718 1080 ostende
731 1035 831 1097 quem
847 1024 883 1078 tu
899 1012 1248 1095 elegeris‚’-Actuum
1263 1013 1370 1095 primo
1385 1015 1550 1097 capitulo;
1575 1039 1641 1081 non

286 1160 331 1203 ex
347 1159 364 1202 c
388 1157 445 1200 me
462 1137 570 1219 elegit,
583 1156 643 1200 nec
659 1156 703 1199 ex
720 1134 891 1199 voluntate
905 1135 976 1210 viri,
986 1133 1045 1198 sed
1060 1133 1265 1197 voluntatem
1279 1134 1343 1198 Dei
1359 1138 1487 1217 optavit
1503 1137 1642 1218 impleri,

286 1279 347 1323 nec
369 1278 430 1341 pro
451 1256 570 1322 litteris
589 1257 808 1333 dominorum,
831 1276 906 1337 quae
928 1264 1039 1318 essent
1054 1254 1246 1318 testimonia
1261 1255 1408 1319 veritatis
1426 1255 1643 1321 testificancia

287 1387 381 1442 actus
403 1377 550 1442 scientiae
574 1387 608 1441 et
630 1377 798 1453 virtutum,
818 1385 856 1439 ut
875 1376 918 1438 ad
943 1375 1008 1438 Dei
1030 1375 1165 1437 laudem
1188 1383 1221 1437 et
1243 1374 1286 1437 ad
1310 1373 1437 1439 lucrum
1458 1376 1642 1440 animarum

287 1498 469 1581 praesidens
492 1496 642 1579 eligatur.
688 1495 734 1558 Et
755 1497 832 1577 quia
853 1504 981 1577 septem
1003 1495 1087 1559 vicia
1109 1496 1203 1577 quasi
1226 1502 1355 1576 septem
1375 1495 1512 1560 flumina
1532 1496 1643 1578 plures

287 1621 417 1683 animas
432 1619 678 1691 destruxerunt,
695 1617 770 1680 ideo
786 1619 892 1699 primo
910 1617 1047 1680 intendo
1063 1617 1171 1679 dicere
1187 1617 1230 1679 de
1248 1617 1355 1698 primo
1371 1615 1468 1680 malo.

376 1740 519 1822 Indigna
541 1739 712 1821 promocio
740 1759 798 1802 seu
823 1738 991 1802 institucio
1018 1739 1258 1819 episcoporum,
1284 1745 1458 1812 rectorum,
1486 1759 1543 1801 seu
1574 1738 1643 1801 offi·

288 1862 461 1926 ciariorum
491 1861 524 1923 in
555 1860 701 1935 ecclesia,
725 1869 776 1923 est
802 1860 944 1941 primum
974 1858 1097 1921 flumen
1130 1857 1310 1933 Babilonis,
1341 1859 1361 1921 i.
1374 1879 1399 1921 e.
1432 1858 1643 1934 confusionis,

288 1981 377 2066 quod
393 1982 621 2065 plangendum
644 1991 695 2045 est
716 1990 749 2044 et
773 1981 1017 2045 reformandum
1033 1981 1076 2044 ab
1097 1980 1159 2043 hiis
1174 1981 1231 2062 qui
1247 1979 1390 2063 diligunt
1404 1980 1517 2044 videre
1533 1981 1643 2044 Deum

288 2104 322 2166 in
346 2103 441 2185 Syon
463 2102 603 2166 coelesti.
657 2101 750 2165 Mala
774 2102 941 2166 ordinacio
967 2102 1001 2164 in
1022 2101 1158 2165 ecclesia
1182 2122 1240 2164 seu
1264 2103 1297 2164 in
1320 2101 1431 2183 aliquo
1454 2101 1561 2166 officio
1585 2113 1643 2175 est,

293 2224 428 2306 quando
453 2224 609 2286 ordinans
632 2243 698 2285 non
722 2223 863 2286 intendit
885 2222 1053 2305 praeficere
1075 2222 1128 2285 vel
1154 2223 1305 2286 ordinare
1329 2222 1421 2285 illum
1448 2224 1504 2304 qui
1527 2223 1644 2287 melius

289 2354 410 2427 potest,
435 2344 505 2421 scit,
529 2353 562 2407 et
588 2342 660 2406 vult
685 2363 840 2407 exercere
864 2352 958 2407 actus
985 2342 1171 2424 spirituales
1199 2342 1307 2405 officio
1334 2363 1395 2405 suo
1421 2344 1562 2420 debitos,
1584 2364 1644 2407 nec

289 2466 434 2530 attendit
447 2485 522 2529 cum
535 2463 661 2528 Sancto
673 2463 771 2528 Petro
784 2485 884 2546 quem
899 2464 991 2527 Deus
1005 2463 1115 2546 elegit,
1124 2463 1183 2528 sed
1196 2484 1295 2546 quem
1309 2464 1379 2545 ipse
1394 2464 1599 2546 impinguare
1611 2475 1645 2528 et

290 2585 519 2668 temporaliter
547 2585 708 2649 honorare
737 2585 816 2659 vult,
848 2606 908 2667 pro
938 2605 1035 2648 carne
1072 2596 1106 2650 et
1135 2587 1306 2667 sanguine,
1336 2582 1389 2648 vel
1419 2605 1479 2667 pro
1509 2586 1645 2649 servicio

292 2707 461 2771 mundano
484 2705 537 2769 vel
568 2705 751 2787 temporali,
781 2705 833 2768 vel
860 2726 920 2789 pro
949 2706 1120 2788 obsequio,
1146 2704 1198 2768 vel
1225 2726 1285 2788 pro
1315 2715 1430 2789 rogatu
1464 2716 1499 2770 et
1528 2707 1646 2770 litteris

291 2829 441 2906 aliorum,
465 2828 522 2891 ubi
552 2826 673 2890 litterae
704 2810 834 2890 Divinae
864 2828 898 2890 in
928 2829 1088 2910 scriptura
1117 2849 1208 2892 sacra
1232 2829 1427 2910 praecipiunt
1453 2828 1535 2892 alios
1559 2830 1647 2893 viros

291 2951 459 3032 operarios
482 2948 568 3011 mitti
591 2949 625 3010 in
650 2968 790 3011 messem
814 2969 907 3012 suam
932 2959 965 3013 et
988 2950 1020 3012 in
1038 2950 1169 3014 vineam
1185 2951 1297 3033 populi
1319 2951 1394 3014 Dei.
1440 2951 1536 3015 Heut
1559 2951 1646 3015 heu!

292 3092 353 3154 pro
374 3070 433 3135 tali
455 3079 490 3134 et
511 3077 607 3132 tanto
629 3069 725 3148 male,
746 3078 780 3133 et
803 3090 863 3151 pro
887 3070 983 3134 malis
1006 3092 1050 3134 ex
1075 3072 1138 3135 isto
1159 3072 1248 3135 malo
1268 3072 1491 3155 sequentibus.
1538 3073 1648 3137 Causa

293 3191 382 3256 enim
412 3190 642 3255 antecedentis
673 3201 724 3255 est
754 3211 854 3254 causa
883 3193 1123 3274 consequentis.
1178 3193 1345 3258 Ordinans
1372 3215 1450 3276 ergo
1477 3195 1564 3258 male
1589 3215 1647 3258 seu

293 3313 415 3378 viciose
430 3311 575 3395 aliquem
598 3313 631 3374 in
655 3312 798 3375 officium
822 3311 968 3376 ecclesiae
991 3335 1048 3378 seu
1072 3314 1206 3378 alterius
1229 3317 1285 3390 rei,
1305 3326 1356 3380 est
1378 3336 1477 3379 causa
1499 3317 1648 3380 omnium

294 3433 467 3512 malorum,
498 3443 532 3497 et
563 3453 637 3497 reus
667 3435 816 3497 omnium
847 3435 1018 3514 malorum,
1060 3457 1134 3518 quae
1172 3458 1230 3519 per
1267 3436 1369 3501 talem
1403 3436 1497 3510 fiunt,
1534 3447 1649 3502 contra

294 3555 435 3620 salutem
451 3556 645 3634 animarum,
661 3565 696 3619 et
719 3565 770 3620 est
793 3576 892 3620 causa
911 3559 1060 3621 omnium
1082 3559 1298 3622 omissionum
1320 3558 1483 3623 bonorum
1505 3567 1649 3637 actuum,

295 3679 351 3760 qui
375 3698 396 3741 a
419 3676 477 3742 tali
501 3675 555 3741 vel
579 3697 639 3760 per
666 3677 768 3742 talem
795 3679 1039 3760 praesidentem‚
1064 3681 1091 3742 si
1121 3680 1228 3744 bonus
1257 3690 1352 3758 esset,
1376 3679 1501 3744 fierent.
1547 3680 1649 3744 Unde

295 3798 372 3863 talis
394 3798 551 3863 ordinans
576 3798 750 3863 carnaliter
773 3798 825 3863 vel
854 3800 941 3864 malo
966 3820 1079 3865 amore
1105 3800 1159 3865 vel
1186 3801 1274 3865 malo
1298 3802 1417 3866 timore
1447 3801 1592 3884 aliquem
1615 3776 1648 3865 in

295 3919 449 3998 officium,
473 3940 531 3984 seu
560 3920 707 4004 regimen
734 3920 891 3999 ecclesiae,
914 3932 948 3986 et
974 3923 1020 3986 sic
1046 3924 1188 3987 ordinari
1217 3945 1404 4006 procurans,
1427 3924 1649 3988 communicat

295 4043 440 4123 peccatis
464 4040 579 4105 alienis
605 4063 681 4125 quae
707 4063 751 4106 ex
777 4043 866 4107 sacto
890 4063 949 4107 suo
979 4055 1173 4122 secuuntur3
1211 4054 1325 4109 contra
1355 4047 1444 4127 quod
1474 4055 1648 4127 peccatum

295 4163 448 4228 hortatur
471 4163 656 4247 Apostolus
683 4165 805 4244 dicens,
828 4165 923 4228 ‘Non
951 4167 1243 4231 communicaveris
1267 4167 1410 4250 peccatis
1434 4166 1567 4246 alienis,'
1589 4167 1608 4232 i.
1619 4191 1648 4232 e.

298 4305 340 4350 ne
370 4284 415 4349 eis
440 4285 606 4369 particeps
632 4288 665 4349 in
693 4287 798 4371 culpis
830 4307 889 4351 nec
920 4289 952 4350 in
978 4289 1087 4371 poenis
1116 4288 1263 4353 aliorum.
1325 4289 1378 4366 Et,
1409 4298 1496 4353 teste
1523 4289 1649 4354 Sancto
