3818 4904
303 359 364 424 174
677 353 776 410 LOCI
801 355 831 406 E
859 355 984 408 LIBRO
1020 356 1278 414 VERITATUM.

301 567 482 633 bachilario
505 587 605 631 sacrae
628 565 822 648 Theologiae
846 565 990 629 Oxoniae
1014 567 1047 629 in
1070 566 1203 650 Anglia,
1234 579 1268 633 et
1291 570 1352 633 sub
1374 570 1525 651 Johanne
1544 567 1653 650 xxiij⁰‚

301 690 454 771 deposito
484 710 505 752 a
529 696 653 769 papatu
685 687 718 748 in
748 685 886 750 concilio
917 696 951 750 et
980 707 1039 769 per
1068 687 1243 752 concilium
1269 690 1424 772 generale
1457 690 1652 754 Constanci-

300 829 390 887 enee,
415 818 449 872 et
479 808 542 871 sub
573 806 719 871 Martino
742 812 785 885 5⁰,
810 816 844 870 et
872 806 1023 889 Eugenio
1044 814 1089 886 4⁰,
1116 818 1148 872 et
1172 811 1233 873 sub
1257 810 1422 875 Nicholao
1445 817 1491 890 5⁰,
1517 812 1652 874 doctore

299 951 401 995 sacrae
424 928 626 1010 Theologiae‚
647 928 681 990 in
702 926 817 990 habitu
841 927 988 1003 seculari,
1010 929 1042 990 in
1067 928 1289 994 Universitate
1304 931 1451 1009 Viennae,
1473 931 1506 994 in
1529 930 1651 994 ducatu

299 1051 456 1130 Austriae,
482 1059 517 1114 et
543 1049 604 1113 sub
628 1049 764 1113 Calixto
787 1056 830 1133 3⁰,
853 1051 910 1132 qui
936 1049 999 1113 hoc
1025 1070 1113 1113 anno
1134 1051 1193 1113 Xti
1220 1052 1310 1127 vivit,
1338 1073 1382 1116 sc.
1405 1072 1492 1116 anno
1515 1051 1652 1114 Domini

300 1171 363 1235 Xti
389 1177 496 1250 14570.

387 1301 427 1368 [p.
452 1300 520 1366 234]
564 1298 691 1354 Paulus
711 1298 895 1366 Apostolus
909 1297 1025 1366 Virgo.
1073 1292 1157 1356 Haec
1180 1293 1333 1356 dominus
1356 1291 1596 1356 Lincolniensis
1619 1291 1652 1355 in

300 1411 366 1476 fine
395 1412 578 1476 communis
607 1410 711 1494 glosae
741 1431 840 1493 super
864 1410 1031 1492 Epistolas
1057 1411 1172 1476 Sancti
1203 1412 1318 1490 Pauli;
1352 1421 1387 1476 et
1415 1433 1478 1496 ego
1503 1412 1654 1476 Thomas

301 1531 496 1614 Gascoigne,
522 1541 601 1596 tunc
629 1531 853 1596 Cancellarius
882 1531 1091 1610 Oxoniensis,
1120 1534 1188 1596 vidi
1214 1533 1285 1596 haec
1311 1533 1433 1615 scripta
1463 1553 1563 1597 manu
1592 1553 1654 1596 sua

298 1653 432 1736 propria
455 1655 488 1716 in
514 1653 599 1716 libro
625 1674 694 1731 su0‚
721 1672 797 1734 quae
821 1653 1012 1716 continebat
1041 1673 1251 1717 communem
1277 1653 1407 1737 glosam
1432 1674 1532 1737 super
1555 1652 1653 1736 Epis-

300 1774 405 1837 tolam
437 1772 552 1838 Sancti
583 1773 686 1849 Pauli,
719 1783 752 1836 et
782 1772 934 1836 scribitur
963 1773 996 1835 in
1026 1775 1209 1855 penultimo
1239 1774 1317 1838 solio
1348 1774 1434 1837 illius
1463 1774 1537 1837 libri
1567 1774 1654 1837 inter

299 1893 416 1958 fratres
439 1895 583 1958 minores
607 1894 760 1968 Oxoniae,
784 1903 817 1956 et
840 1892 923 1956 liber
946 1894 1138 1975 registratur
1160 1895 1322 1978 Epistolae
1347 1894 1439 1958 Pauli
1462 1915 1491 1959 a.

386 2024 426 2090 [p.
443 2023 515 2092 296.]
559 2021 752 2078 Peccatum.
799 2014 886 2077 Novi
909 2015 997 2077 enim
1022 2036 1124 2079 unum
1146 2016 1274 2080 fatuum
1301 2016 1494 2092 naturalem,
1512 2015 1568 2097 qui
1591 2012 1653 2078 suit

298 2136 452 2199 sacerdos
477 2145 510 2199 et
536 2135 794 2212 archidiaconus,
813 2144 846 2198 et
871 2135 987 2198 habuit
1011 2136 1057 2217 xij
1082 2137 1277 2218 praebendas
1299 2135 1406 2211 simul,
1427 2143 1461 2199 et
1484 2155 1651 2217 nunquam

298 2257 407 2321 tenuit
429 2255 643 2330 domicilium,
659 2266 693 2320 et
716 2277 801 2320 unus
823 2258 965 2339 armiger
988 2258 1099 2319 omnia
1123 2278 1162 2320 ea
1184 2258 1316 2339 recepit,
1334 2267 1368 2319 et
1389 2256 1453 2319 illis
1475 2256 1571 2318 bonis
1592 2275 1653 2337 per

298 2377 409 2460 plures
438 2398 543 2441 annos
566 2378 707 2460 receptis
737 2378 823 2440 dixit
846 2378 983 2460 praesato
1008 2377 1118 2454 stulto,
1144 2377 1275 2442 ‘Nichil
1303 2376 1397 2440 vobis
1419 2376 1538 2452 debeo,
1561 2376 1651 2459 quod

298 2497 411 2562 omnia
431 2498 520 2562 bona
540 2507 650 2562 vestra
672 2499 804 2562 suerunt
828 2499 861 2561 in
889 2499 1038 2562 custodia
1061 2498 1206 2580 episcopi
1226 2498 1346 2562 Sarum
1362 2495 1520 2560 Willelmi
1536 2494 1653 2560 Aske.'

299 2618 346 2682 Et
381 2618 452 2701 ipse
486 2620 613 2683 occisus
644 2629 694 2682 est
724 2619 900 2683 crudeliter
928 2640 1016 2682 anno
1050 2619 1186 2681 Domini
1218 2625 1266 2681 m⁰
1296 2624 1385 2682 cccc⁰
1403 2617 1437 2695 1⁰,
1471 2627 1505 2682 et
1538 2617 1652 2682 omnia

297 2739 387 2804 bona
413 2760 474 2803 sua
500 2739 643 2822 spoliata
668 2750 702 2804 et
725 2740 829 2805 divisa
856 2740 941 2804 inter
963 2739 1073 2821 plures
1099 2740 1340 2818 insurrectores,
1362 2738 1418 2821 qui
1442 2738 1475 2801 in
1497 2759 1558 2802 sua
1581 2738 1654 2803 dio·

298 2860 364 2925 cesi
388 2881 464 2924 eum
487 2860 700 2938 occiderunt3
724 2871 757 2925 et
780 2861 825 2924 sic
848 2860 959 2923 satuus
981 2860 1167 2941 praedictus,
1187 2869 1224 2924 ut
1246 2859 1373 2938 dicitur,
1396 2859 1487 2923 milia
1509 2859 1652 2941 perdidit

298 2983 342 3045 de
368 2982 517 3064 pecunia.
563 2981 610 3045 Et
637 2981 810 3064 episcopus
837 2980 1021 3058 Cistrensis,
1046 2980 1160 3045 Adam
1188 2980 1327 3059 Molens,
1353 2981 1409 3064 qui
1438 2981 1565 3045 occisus
1590 2979 1652 3044 suit

298 3122 358 3186 per
387 3112 506 3166 nautas
534 3110 568 3165 et
592 3100 763 3184 Anglicos‚
789 3103 846 3185 qui
873 3102 1084 3185 navigassent
1114 3103 1147 3165 in
1174 3102 1321 3179 Francia,
1348 3101 1491 3185 optinuit
1515 3100 1652 3184 plurali-

298 3232 404 3289 tatem
431 3243 451 3286 a
476 3243 565 3306 papa
591 3222 743 3306 Eugenio
770 3223 886 3306 quinto
913 3224 1072 3306 praedicto
1098 3223 1190 3287 fatuo
1220 3222 1370 3301 naturali,
1393 3222 1449 3306 qui
1475 3230 1554 3286 tunc
1585 3242 1651 3285 non

298 3345 360 3409 fuit
395 3345 558 3423 sacerdos,
589 3354 623 3408 et
655 3344 791 3408 licencia
820 3344 878 3408 illa
911 3345 981 3423 suit,
1012 3354 1049 3408 ut
1079 3344 1235 3428 praesatus
1264 3344 1373 3409 fatuus
1401 3343 1539 3407 haberet
1567 3344 1652 3407 duas

297 3465 396 3530 simul
425 3465 603 3547 dignitates
629 3464 662 3527 in
689 3464 826 3529 ecclesia
852 3466 933 3529 citra
963 3465 1202 3549 episcopatum,
1230 3474 1264 3530 et
1290 3475 1362 3529 tum
1388 3464 1450 3528 suit
1476 3463 1544 3527 lere
1567 3484 1650 3546 quo·

298 3587 380 3652 tidie
403 3585 532 3663 ebrius;
564 3595 598 3649 et
623 3586 685 3649 iste
715 3585 825 3649 fatuus
852 3595 886 3650 et
911 3586 996 3650 tales
1026 3587 1169 3668 promoti
1197 3597 1231 3650 et
1260 3586 1325 3649 alia
1355 3584 1443 3649 mala
1474 3585 1651 3667 sequencia

300 3728 345 3770 ex
376 3707 646 3789 appropriatione
676 3706 886 3771 ecclesiarum
916 3707 1161 3790 parochialium,
1190 3718 1223 3772 et
1251 3728 1311 3790 per
1339 3727 1406 3770 non
1436 3705 1652 3769 residenciam

297 3830 528 3912 episcoporum
552 3839 586 3893 ct
609 3839 772 3894 rectorum
794 3829 862 3893 lere
884 3831 1122 3894 destruxerunt
1142 3830 1267 3894 bonum
1286 3828 1434 3911 regimen
1457 3826 1491 3889 in
1514 3825 1652 3890 ecclesia

297 3947 494 4032 Anglicana,
520 3960 553 4015 et
584 3971 671 4014 anno
702 3950 837 4014 Domini
864 3959 912 4014 m⁰
935 3959 1023 4016 cccc⁰
1045 3953 1081 4031 1⁰,
1106 3950 1257 4015 homines
1282 3950 1340 4033 qui
1369 3948 1573 4013 vocabantur
1602 3947 1651 4010 in·

297 4082 496 4136 surrectores
527 4074 717 4138 occiderunt
750 4074 833 4137 duos
867 4074 1039 4157 episcopos
1069 4074 1102 4137 in
1132 4073 1266 4156 Anglia,
1296 4072 1352 4156 qui
1383 4072 1416 4134 in
1447 4070 1536 4135 curia
1565 4069 1651 4152 regis

299 4191 393 4274 quasi
420 4193 573 4259 continue
597 4195 795 4274 residebant,
819 4204 853 4259 ct
879 4195 1000 4260 nonin
1025 4197 1109 4261 curis
1132 4194 1208 4272 suis,
1232 4215 1276 4259 sc.
1298 4193 1412 4258 Adam
1437 4191 1649 4268 Cistrensem,
