3818 4904
675 444 773 499 Locr
799 444 828 497 E
856 442 981 498 LIBRO
1016 443 1274 499 VERJTAva.
1611 437 1649 496 61

303 675 480 738 peccamus
495 665 527 719 et
544 655 630 720 male
653 655 790 720 facimus
806 678 847 720 ne
863 678 907 719 ex
922 657 1029 720 amico
1052 656 1173 722 camali
1195 656 1254 721 fiat
1278 657 1371 720 nobis
1394 656 1551 732 iuimicus,
1568 666 1654 721 teste

304 775 429 840 Sancto
444 776 636 858 Augustino
652 797 750 860 super
765 775 925 841 Geuisim.

391 897 437 960 Et
470 900 642 972 annuncia,
675 898 705 962 O
735 899 911 980 episoopel
948 918 1024 979 quae
1058 897 1193 960 Domini
1228 907 1306 960 sunt
1340 897 1471 979 populo,
1503 907 1537 961 et
1570 897 1654 961 alios
1736 957 1738 961 ,

304 1016 400 1079 mitte
426 1018 468 1080 ad
495 1018 763 1080 annunciandum
785 1017 923 1080 verbum
949 1017 1021 1095 Dei,
1044 1018 1121 1099 quia
1146 1018 1178 1078 in
1202 1016 1351 1099 pluribus
1374 1016 1444 1097 jam
1472 1016 1653 1100 allegatum

303 1146 353 1200 est
376 1157 434 1218 per
456 1147 618 1201 statutum
639 1137 846 1219 provinciale,
873 1138 1000 1201 editum
1027 1159 1085 1220 per
1110 1138 1305 1201 instanciam
1328 1136 1469 1200 Thomae
1491 1138 1654 1216 Arundel,

302 1256 538 1339 archiepiscopi
576 1257 829 1334 Cantuariensis,
862 1267 896 1321 et
933 1256 1113 1321 bachillarii
1151 1259 1272 1321 artium
1311 1258 1465 1330 Oxoniae‚
1505 1259 1582 1340 quia
1616 1267 1654 1322 ut

302 1378 469 1459 sapientes
499 1379 672 1457 affirmant,
704 1380 747 1442 ad
778 1399 884 1460 pauca
912 1378 1097 1460 respiciens,
1127 1378 1246 1441 timens
1276 1399 1318 1441 ne
1348 1378 1425 1441 mali
1456 1377 1542 1441 male
1571 1399 1654 1460 prae-

303 1498 461 1577 dicarent,
487 1501 605 1563 statuit
634 1520 709 1563 cum
737 1499 809 1562 aliis
836 1500 1008 1580 episcopis,
1035 1497 1124 1579 quod
1155 1498 1264 1560 nullus
1294 1499 1488 1580 praedicaret
1517 1500 1551 1562 in
1580 1519 1655 1580 pro-

302 1617 409 1682 vincia
434 1618 673 1695 Cantuariensi‚
700 1621 762 1682 nisi
793 1620 849 1701 qui
879 1619 1049 1682 licenciam
1079 1619 1224 1700 episcopi
1255 1619 1421 1682 diocesani
1451 1618 1502 1681 vel
1534 1629 1654 1682 metro·

303 1737 442 1820 politani
471 1738 619 1815 haberet,
643 1739 695 1804 vel
726 1741 782 1822 qui
810 1749 860 1803 est
886 1740 1050 1802 admissus
1075 1758 1096 1801 a
1124 1738 1197 1820 jure
1226 1739 1402 1801 communi.
1456 1739 1502 1802 Et
1528 1739 1654 1802 utinam

302 1867 372 1920 tam
399 1859 493 1941 proni
525 1869 558 1923 et
587 1861 710 1923 assidui
741 1868 851 1923 essent
881 1859 1036 1940 episcopi,
1061 1859 1104 1921 ad
1135 1858 1333 1922 mittendum
1365 1867 1398 1922 et
1429 1859 1654 1922 exhibendum

303 1986 451 2042 maturos
477 1981 709 2061 praedicatores
735 1990 768 2043 et
797 1980 948 2057 scientes,
975 1980 1060 2042 sicut
1085 1979 1218 2043 fuerunt
1245 1979 1339 2060 proni
1366 1979 1409 2041 ad
1436 1979 1655 2042 ordinandum

303 2100 394 2180 quod
420 2099 527 2163 nullus
553 2102 747 2182 praedicaret
773 2102 844 2163 sine
870 2100 1013 2178 licencia,
1034 2109 1070 2163 et
1097 2099 1241 2175 licencia,
1268 2109 1306 2162 ut
1332 2099 1453 2180 pluries
1474 2099 1543 2181 jam
1569 2101 1656 2181 opti·

302 2228 407 2295 netur,
431 2241 511 2284 cum
539 2222 689 2302 pecunia.
736 2221 781 2285 Et
807 2222 895 2284 idem
919 2219 1200 2302 Archiepiscopus
1222 2219 1374 2283 Arundel
1409 2230 1488 2284 ante
1514 2230 1655 2284 mortem

302 2360 407 2416 suam,
430 2341 477 2405 sic
501 2340 534 2403 in
557 2340 670 2423 lingua
694 2362 867 2424 percussus
889 2341 959 2418 luit,
981 2352 1018 2406 ut
1041 2361 1101 2405 nec
1122 2342 1285 2423 deglutire
1310 2361 1370 2404 nec
1395 2340 1484 2422 loqui
1503 2361 1561 2422 per
1585 2340 1656 2404 dies

300 2469 380 2524 ante
401 2472 543 2525 mortem
564 2483 658 2525 suam
675 2465 804 2545 potuit3
835 2473 868 2526 et
889 2464 934 2526 sic
954 2463 1045 2540 obiit,
1064 2472 1098 2526 et
1121 2472 1157 2526 ut
1173 2462 1324 2539 creditur,
1340 2463 1416 2543 quia
1435 2461 1572 2525 verbum
1591 2462 1655 2525 Dei

303 2582 349 2645 sic
370 2582 484 2665 ligavit
504 2583 548 2646 ab
565 2603 623 2646 ore
643 2584 906 2665 praedicancium,
923 2585 956 2646 in
979 2583 1091 2665 lingua
1111 2604 1171 2646 sua
1190 2583 1236 2646 sic
1257 2603 1430 2664 percussus
1448 2582 1519 2645 luit.
1565 2583 1656 2661 Ide0,

302 2721 363 2785 per
376 2721 524 2766 amorem
540 2703 628 2784 Jesu‚
644 2725 704 2767 vos
724 2705 870 2787 episcopi
893 2704 1012 2767 solvite
1032 2704 1160 2767 asinum
1176 2712 1210 2766 et
1226 2702 1361 2786 pullum,
1378 2704 1411 2766 id
1428 2712 1489 2778 est,
1505 2701 1656 2766 homines

303 2824 337 2886 in
367 2824 505 2887 miseriis
534 2824 641 2906 culpae
671 2834 706 2888 et
735 2845 845 2906 poenae
872 2824 1001 2906 ligatos,
1026 2834 1059 2888 et
1085 2824 1241 2887 adducite
1270 2824 1313 2886 ad
1340 2822 1463 2903 Jesum,
1488 2822 1656 2904 quiahoc

304 2954 355 3008 est
375 2964 459 3026 opus
480 2954 597 3008 vestrae
619 2945 840 3029 professionis.
886 2945 992 3009 Racio
1015 2945 1103 3008 enim
1124 2943 1268 3008 ostendit
1284 2952 1321 3006 ut
1341 2944 1424 3006 sicut
1446 2942 1525 3006 mali
1547 2952 1657 3006 essent

304 3063 430 3127 exclusi
455 3085 476 3128 a
503 3067 742 3147 praedicacione
768 3066 858 3130 verbi
888 3066 953 3129 Dei
982 3074 1119 3149 propter
1148 3063 1271 3127 malum
1303 3084 1346 3126 ex
1376 3072 1451 3129 actu
1478 3084 1539 3127 suo
1565 3084 1657 3127 secu·

303 3194 422 3263 turum,
443 3186 490 3248 sic
513 3186 591 3249 boni
615 3195 648 3250 et
671 3186 812 3250 scientes
832 3186 1083 3269 providerentur
1102 3193 1136 3248 et
1157 3185 1372 3262 mitterentur,
1388 3193 1522 3266 propter
1544 3203 1657 3247 neces-

303 3306 389 3368 saria
409 3307 497 3369 bona
512 3326 588 3388 quae
603 3307 740 3369 verbum
757 3307 820 3370 Dei
839 3307 1035 3388 produceret
1056 3307 1089 3368 in
1109 3306 1237 3369 animas
1255 3305 1472 3369 credencium.
1518 3304 1564 3367 Et
1579 3306 1658 3386 quia

304 3434 436 3491 curatus
458 3446 524 3489 non
550 3436 662 3509 potest
689 3436 777 3490 recte
803 3427 1003 3492 annunciare
1031 3427 1092 3490 nisi
1117 3435 1205 3490 recte
1230 3426 1383 3489 attendat
1407 3434 1441 3488 et
1468 3434 1655 3507 cognoscat,

303 3546 379 3610 ideo
404 3547 577 3610 attendere
603 3547 712 3623 debet,
739 3556 776 3610 ut
801 3548 940 3630 vigilans
966 3556 1080 3630 pastor
1105 3568 1205 3629 super
1234 3566 1368 3628 gregem
1394 3566 1490 3609 suum
1514 3545 1557 3608 ad
1585 3546 1656 3607 uni·

302 3687 397 3730 versa
420 3668 603 3731 necessaria
626 3668 687 3731 sibi
711 3677 744 3732 et
766 3669 891 3752 populo
914 3689 974 3733 suo
998 3669 1157 3743 universo,
1182 3677 1215 3731 et
1238 3667 1301 3731 hoc
1324 3667 1488 3731 cotidiana
1510 3665 1656 3729 solicitu-

303 3789 389 3867 dine,
405 3799 443 3853 ut
461 3788 551 3852 mala
569 3791 742 3868 evitentur,
758 3799 792 3853 et
812 3791 909 3869 bona,
926 3811 1001 3872 quae
1023 3812 1066 3854 ex
1087 3789 1201 3854 debito
1221 3787 1346 3864 fierent,
1363 3808 1430 3851 non
1450 3787 1655 3850 omittantur.

304 3908 360 3973 Sic
402 3909 552 3973 hortatur
593 3910 764 3992 apostolus
805 3911 977 3993 episcopos
1014 3910 1179 3974 Actorum
1216 3909 1381 3973 vicesimo,
1441 3901 1656 3984 ‘Attendite’

303 4030 419 4111 inquit,
435 4029 547 4093 ‘vobis
567 4038 600 4094 et
620 4031 770 4094 universo
790 4032 881 4113 gregi
903 4033 936 4095 in
951 4053 1018 4114 quo
1037 4052 1097 4095 vos
1118 4030 1261 4114 Spiritus
1281 4028 1423 4094 Sanctus
1443 4027 1553 4109 posuit
1571 4026 1656 4109 epis·

304 4147 425 4231 copos‚'
441 4151 475 4213 id
499 4159 558 4228 est,
576 4153 895 4234 superintendentes,
914 4156 1045 4233 ‘regere
1068 4151 1238 4215 ecclesiam
1257 4169 1357 4232 quam
1381 4148 1558 4230 adquisivit
1580 4167 1656 4210 san-

305 4270 405 4353 guine
427 4269 508 4336 suo’
554 4271 664 4355 Regit,
687 4275 742 4355 qui
769 4282 858 4337 recte
882 4274 989 4349 docet,
1014 4282 1048 4336 et
1073 4274 1129 4355 qui
1154 4280 1241 4336 recte
1265 4272 1412 4353 imperat,
1438 4279 1472 4333 et
1499 4269 1656 4353 praecipit,
