3818 4904
661 448 761 502 LOCI
786 449 815 501 E
844 448 968 504 LIBRO
1002 448 1259 506 VERITATUM.
1595 454 1634 522 73

284 662 488 730 voluntas.”’
530 666 592 730 Vae
615 666 694 731 illisl
726 668 782 750 qui
809 667 923 732 dicunt
949 667 1029 731 illud
1053 667 1183 732 Genisis
1209 668 1375 732 tricesimo
1402 674 1438 744 4⁰
1464 665 1609 749 capitulo
1625 689 1639 742 ;¹

285 805 388 848 unum
422 796 471 849 est
502 806 568 868 quo
598 787 747 851 differtur
779 797 909 852 tantum
942 789 1076 864 bonum,
1106 789 1132 851 si
1168 789 1439 852 circumcidamus
1470 785 1642 850 masculos·

286 915 424 983 nostros,
433 906 621 970 substancia
635 909 787 985 viromm,
798 916 830 972 et
846 917 963 972 cuncta
974 929 1049 990 quae
1065 909 1244 991 possident,
1256 919 1368 973 nostra
1384 918 1489 971 erunt.
1534 906 1636 971 Tales

287 1034 363 1088 sunt
378 1026 433 1108 qui
449 1026 573 1098 dicunt,
589 1027 773 1109 ‘Pauperes
792 1048 904 1091 sumus
920 1037 953 1092 et
967 1027 1057 1100 viles,
1074 1030 1133 1092 sed
1149 1029 1176 1091 si
1192 1029 1390 1092 voluerimus
1405 1027 1636 1091 circumcidere

287 1165 356 1218 nos,
378 1155 412 1208 et
431 1166 582 1228 separare
603 1167 623 1210 a
644 1147 738 1210 nobis
761 1158 868 1211 vestes
888 1148 1069 1226 saeculares,
1091 1159 1124 1213 et
1146 1169 1269 1231 paucos
1292 1169 1404 1211 eorum
1427 1157 1529 1223 actus,
1549 1157 1636 1223 tunc,

287 1266 446 1330 intrantes
462 1267 661 1349 religionem,
677 1267 872 1331 habebimus
886 1269 1091 1333 voluntatem
1117 1280 1274 1344 nostram,
1290 1278 1325 1333 et
1340 1268 1501 1333 desideria
1516 1277 1637 1344 nostra,

286 1397 322 1452 et
336 1388 418 1452 servi
436 1387 500 1450 Dei
516 1388 740 1470 reputabimur
758 1399 791 1452 et
805 1389 1002 1467 vocabimur,
1017 1401 1051 1453 ct
1067 1391 1155 1453 bona
1170 1389 1367 1456 habebimus
1382 1387 1578 1469 temporalia
1593 1387 1637 1449 ad

286 1518 402 1571 votum
417 1508 459 1571 ab
475 1507 546 1585 hiis,
561 1508 616 1590 qui
633 1509 770 1572 credunt
785 1529 820 1571 se
835 1509 964 1572 actibus
981 1510 1099 1573 nostris
1115 1510 1234 1573 elevari
1251 1510 1283 1571 in
1299 1504 1451 1586 coelum3’
1474 1517 1508 1571 et
1524 1517 1636 1570 tamen

287 1628 407 1693 dicitur
430 1628 464 1691 in
489 1627 630 1704 Psalm0,
655 1628 794 1692 ‘Oracio
821 1628 891 1710 ejus
914 1628 971 1691 fiat
994 1629 1027 1690 in
1051 1626 1244 1711 peccatum!
1289 1629 1410 1694 Oracio
1433 1628 1520 1691 enim
1543 1626 1580 1690 fit
1603 1627 1641 1688 in2

287 1757 470 1831 peccatum,
484 1769 540 1811 seu
554 1748 691 1812 includit
707 1749 830 1812 malum
847 1761 880 1813 et
896 1748 1072 1827 defectum,
1085 1751 1220 1832 quando
1232 1770 1330 1813 orans
1346 1769 1411 1811 non
1427 1758 1499 1811 orat
1516 1747 1639 1823 debite,¹

288 1879 325 1932 ut
354 1878 470 1946 oraret,
499 1889 588 1947 voce,
617 1880 705 1947 voto,
735 1879 768 1934 et
799 1871 887 1933 bono
924 1890 1031 1952 opere,
1063 1879 1099 1932 ut
1128 1879 1269 1934 testatur
1302 1868 1445 1933 Sanctus
1478 1868 1572 1931 Beda
1602 1867 1635 1929 in

289 1988 543 2055 Commentariis
565 2010 664 2070 super
687 1989 904 2072 Evangelium
929 1988 1043 2053 Sancti
1066 1990 1187 2067 Lucae3
1221 1998 1255 2053 et
1279 1990 1411 2071 quando
1437 1987 1521 2051 fallit
1544 1988 1640 2049 illurn-
1740 1988 1747 2003 '

288 2128 439 2192 proquo
463 2117 543 2186 orat,
568 2109 645 2191 quia
672 2108 735 2187 ille,
758 2130 817 2191 pro
842 2130 909 2192 quo
935 2120 1016 2188 orat,
1043 2131 1109 2173 non
1137 2110 1238 2174 habet
1265 2120 1316 2174 tot
1339 2110 1427 2173 bona
1450 2128 1550 2191 opera
1577 2127 1638 2170 nec

287 2239 339 2294 tot
354 2230 442 2293 bona
457 2229 674 2311 multiplicata
689 2250 799 2293 coram
816 2230 891 2293 Deo
912 2251 972 2313 per
986 2231 1076 2312 ipsos
1091 2239 1230 2309 orantes,
1246 2231 1330 2295 sicut
1345 2229 1500 2293 fundator
1514 2249 1640 2306 eorum,-

286 2349 340 2413 vel
367 2349 539 2414 conferens
564 2350 611 2413 eis
642 2351 729 2413 bona
758 2349 964 2431 temporalia,
990 2351 1143 2433 speravit,
1170 2360 1204 2414 et
1234 2351 1309 2414 ideo
1339 2349 1508 2414 fraudatus
1539 2359 1589 2412 est
1615 2361 1636 2411 a

287 2472 451 2536 desiderio
481 2493 550 2535 suo.
606 2471 697 2536 Olim
728 2473 816 2535 enim
847 2493 941 2554 reges
971 2471 1157 2536 habuerunt
1187 2473 1220 2534 in
1252 2471 1457 2534 monasteriis
1487 2490 1545 2552 per
1579 2489 1637 2532 eos

287 2591 431 2656 fundatis
461 2592 608 2674 egregios
638 2592 813 2674 scriptores
842 2591 1000 2655 librorum
1032 2612 1227 2674 magnorum
1258 2593 1441 2666 doctorum,
1467 2600 1501 2654 et
1530 2591 1636 2653 croni-

287 2733 408 2787 camm,
439 2722 626 2794 temporum
658 2712 850 2794 exemplum
883 2712 1046 2777 habentes
1072 2713 1115 2776 de
1144 2712 1275 2794 regibus
1301 2711 1548 2794 antiquioribus,
1576 2711 1638 2773 sed

287 2831 370 2898 heul
403 2832 578 2915 quiajam
604 2831 679 2895 libri
705 2833 789 2895 inter
814 2832 983 2915 religiosos
1009 2842 1154 2916 pereunt,
1181 2842 1215 2897 et
1240 2832 1407 2910 deficiunt,
1431 2840 1466 2895 et
1492 2848 1637 2894 corrums

287 2963 418 3036 puntur‚
436 2954 549 3036 pocius
572 2974 671 3036 quam
694 2954 738 3017 de
761 2974 846 3017 novo
867 2955 1061 3017 scribuntur.
1109 2953 1265 3018 Utinam!
1290 2973 1377 3035 erg0,
1396 2952 1523 3016 utinam
1542 2971 1636 3034 reges

287 3084 322 3139 et
345 3075 470 3137 domini
497 3074 697 3153 fundatores,
720 3074 802 3137 moti
830 3095 890 3156 per
916 3074 1022 3137 bonos
1047 3074 1256 3150 confessores,
1281 3073 1553 3136 monasteriorum
1577 3072 1638 3135 ab⁴¹

286 3193 418 3258 batibus
455 3193 663 3277 injungerent
692 3204 727 3258 et
760 3194 994 3271 conventubus,
1024 3204 1060 3257 ut
1094 3204 1200 3258 certos
1232 3194 1407 3275 scriptores
1438 3191 1636 3256 exhiberent

286 3315 442 3378 continue
478 3325 668 3378 sanctorum
704 3316 876 3378 doctorum
911 3323 946 3378 et
983 3334 1177 3396 magnorum
1210 3315 1243 3375 in
1273 3312 1422 3390 sciencia,
1448 3312 1510 3375 sub
1539 3313 1636 3376 certis

286 3435 395 3517 poenis
418 3456 439 3498 a
462 3435 597 3498 domino
623 3455 699 3518 rege
723 3444 756 3498 et
781 3456 801 3497 a
824 3435 1052 3498 fundatoribus
1077 3435 1246 3516 impositis,
1267 3443 1301 3497 et
1327 3432 1417 3516 quod
1442 3431 1634 3496 fundatores

288 3556 560 3620 monasteriorum
584 3556 745 3620 auxilium
772 3576 869 3618 suum
895 3565 929 3620 et
952 3566 1069 3637 optata
1092 3555 1243 3638 praesidia
1268 3555 1312 3619 ab
1335 3554 1398 3618 illis
1424 3553 1635 3630 retraherent,

287 3697 459 3760 quousque
474 3697 532 3758 per
545 3675 690 3757 sigillum
713 3696 888 3739 commune
909 3675 1082 3759 cujuslibet
1106 3676 1294 3739 monasterii
1316 3674 1479 3738 fundatori
1496 3695 1555 3737 suo
1570 3674 1635 3737 hoc

286 3818 378 3874 onus,
394 3796 573 3861 exhibendi
588 3807 695 3861 certos
710 3795 794 3860 tales
811 3797 991 3878 scriptores,
1008 3796 1041 3858 in
1056 3807 1250 3878 perpetuum
1265 3791 1466 3877 obligarent!
1512 3794 1634 3857 Dicant

286 3919 364 4001 quia
385 3938 460 3983 cum
478 3918 600 3982 Sancto
616 3917 785 3998 Jeronimo
807 3916 969 3981 monacho
990 3926 1104 3980 sancto
1127 3917 1159 3980 in
1181 3916 1318 3999 prologo
1333 3915 1465 3996 Josuae:
1489 3916 1634 3979 ‘Decre-

285 4041 401 4117 vimuS,
426 4041 505 4103 dum
530 4040 663 4121 spiritus
687 4060 746 4103 nos
771 4040 896 4121 regerit,
923 4039 1051 4102 actibus
1081 4039 1313 4120 scripturarum
1338 4047 1371 4100 et
1398 4037 1632 4119 prophetarum

285 4160 517 4244 explanacioni
543 4156 752 4225 incumbere?
798 4160 882 4224 Haec
907 4159 951 4223 ibi
979 4158 1122 4224 coelestis
1145 4162 1261 4224 doctor
1284 4158 1427 4223 Sanctus
1446 4158 1634 4239 Jeronimus

285 4292 408 4346 sanctae
424 4282 539 4364 virgini
562 4281 744 4346 Eustochio
763 4281 839 4345 filiae
861 4282 994 4347 Sanctae
1012 4281 1122 4346 Paulae
1137 4282 1245 4345 viduae
1266 4291 1344 4345 tunc
1363 4301 1466 4364 nuper
1485 4289 1634 4344 mortuae.

949 4399 971 4447 L
