3818 4904
662 380 761 478 roci
787 425 816 478 E
844 423 969 481 clano
1004 425 1262 482 verrinarum
1596 428 1639 498 43

287 634 557 717 ecclesiastic0s;'
580 650 612 704 et
631 641 695 706 hoc
716 643 834 706 falsum
855 644 1003 708 dicentes
1023 645 1196 709 voluerunt
1217 646 1404 709 sacerdotes
1425 651 1459 707 et
1482 641 1638 725 episcopi,

286 753 376 833 quod
392 775 598 839 quaecunque
619 760 680 841 ipsi
696 761 810 823 dicunt
833 768 866 824 et
881 761 1013 835 faciunt,
1029 762 1216 825 dicerentur
1237 763 1269 825 ln
1291 761 1415 845 populo
1436 781 1508 823 esse
1529 757 1638 835 bona3

286 883 320 937 et
336 873 419 939 tales
442 897 507 939 non
530 879 747 958 considerant,
763 881 852 962 quod
877 881 951 945 ideo
974 893 1050 945 sunt
1072 883 1217 966 episcopi
1240 893 1274 946 et
1296 882 1483 946 sacerdotes
1506 879 1539 942 in
1561 898 1638 942 con-

286 1003 416 1076 temptu
440 1007 474 1061 et
496 997 529 1059 in
551 999 638 1074 odi0‚
655 1001 732 1081 quia
754 1001 857 1063 vitam
880 1001 1002 1065 bonam
1025 1003 1250 1085 exemplarem
1273 1023 1340 1066 non
1363 999 1553 1074 ostendunt,
1577 1017 1637 1061 nec

284 1114 470 1180 doctrinam
493 1120 617 1201 populo
640 1121 799 1202 praebent,
822 1122 881 1184 sed
907 1122 1062 1204 pecunias
1088 1124 1256 1207 colligunt,
1281 1124 1371 1188 etin
1398 1121 1465 1184 suis
1492 1117 1638 1183 ecclesiis

286 1255 346 1298 nec
369 1237 520 1312 resident,
544 1259 603 1303 nec
623 1239 885 1323 hospitalitatem
906 1252 1029 1307 tenent.
1076 1245 1128 1308 De
1148 1244 1270 1308 talibus
1293 1244 1373 1308 dicit
1395 1242 1487 1306 Deus
1508 1240 1540 1303 in
1563 1239 1638 1303 Ma·

286 1353 393 1420 lachIa
410 1363 454 1433 2⁰,
471 1358 622 1423 ‘Irritum
638 1361 759 1425 lecistis
775 1371 909 1444 pactum
927 1362 1027 1439 Levi,’
1043 1372 1107 1428 etc.

373 1486 413 1554 [p.
429 1487 502 1554 407]
548 1479 778 1545 Communitas
796 1483 883 1545 enim
906 1484 938 1546 in
954 1482 1079 1566 Anglia
1101 1486 1243 1549 surrexit
1265 1494 1380 1549 contra
1401 1478 1639 1547 ecclesiasticos

284 1616 374 1660 anno
397 1597 456 1664 Xti
480 1612 571 1680 1450,
591 1604 669 1685 qula
691 1604 837 1686 episcopi
864 1614 896 1667 et
922 1615 1064 1669 rectores
1088 1606 1122 1669 in
1147 1607 1214 1669 suis
1239 1607 1325 1671 curis
1351 1625 1417 1669 non
1448 1600 1638 1666 residebant

284 1718 343 1780 sed
366 1719 400 1782 in
418 1721 519 1785 domo
543 1724 627 1805 regis
648 1735 681 1788 et
698 1723 927 1803 dominorum
952 1725 1038 1789 Item
1055 1727 1131 1808 quia
1152 1726 1415 1809 hospitalitatem
1436 1742 1503 1786 non
1522 1730 1637 1784 tenue·

285 1849 383 1920 runt3
408 1841 494 1906 Item
509 1845 587 1926 quia
602 1847 703 1909 verbo
724 1856 758 1910 et
780 1855 896 1910 sancto
920 1847 1076 1929 exemplo
1096 1868 1162 1911 non
1186 1847 1432 1930 praedicabant3
1455 1841 1542 1906 Item
1558 1838 1638 1921 quia

284 1961 317 2024 in
333 1965 462 2046 magnis
477 1968 620 2047 peccatis
634 1966 880 2046 habundabant,
896 1977 930 2032 et
946 1969 1050 2032 eciam
1066 1969 1099 2031 in
1115 1968 1241 2033 diviciis
1265 1978 1298 2032 et
1321 1968 1355 2030 in
1369 1964 1501 2049 pompis
1515 1988 1523 2040 3
1547 1961 1635 2034 Item

283 2082 362 2164 quia
387 2083 508 2151 deiecit
531 2085 664 2168 justicia
691 2099 725 2153 et
751 2088 910 2152 correctio
932 2089 1068 2171 peccati,
1091 2110 1191 2172 quam
1212 2089 1274 2171 ipsi
1302 2087 1404 2153 curati
1432 2094 1466 2149 et
1490 2080 1636 2165 episcopi

283 2202 445 2284 iecissent,
460 2208 487 2271 si
509 2208 710 2290 necligencia
731 2218 764 2272 et
786 2228 922 2271 munera
937 2219 970 2273 et
985 2210 1086 2272 timor
1106 2209 1326 2293 displicenciae
1347 2230 1404 2272 eos
1424 2226 1490 2270 non
1510 2212 1636 2266 retrax-

283 2324 404 2405 issent3
433 2327 520 2391 Item
539 2330 617 2412 quia
634 2329 767 2412 justicia
787 2329 906 2394 defecit
927 2331 961 2394 in
982 2331 1124 2395 dominis
1144 2340 1178 2394 et
1196 2331 1230 2394 in
1248 2329 1422 2412 judicibus,
1440 2336 1473 2391 et
1493 2322 1636 2407 querelae

282 2444 380 2511 lactae
394 2447 526 2514 fuerunt
542 2451 726 2534 perplures
745 2451 897 2533 injuriam
913 2453 1080 2534 pacientes
1095 2454 1153 2516 sed
1169 2452 1351 2516 remedium
1367 2470 1434 2514 non
1447 2446 1636 2510 habuerunt

282 2586 343 2631 nec
368 2569 637 2636 reformacionem
663 2573 761 2652 mali;
786 2573 874 2638 Item
896 2573 1068 2656 pluralitas
1091 2573 1334 2652 beneficiorum,
1353 2581 1387 2637 et
1408 2565 1635 2653 appropriacio

282 2688 492 2754 ecclesiarum
526 2692 773 2774 parochialium,
804 2703 837 2758 et
868 2693 998 2776 empcio
1027 2693 1260 2758 beneficiorum
1294 2693 1427 2757 suerunt
1460 2687 1635 2772 praecipuae

282 2829 400 2889 causae,
424 2822 461 2876 ut
488 2812 655 2888 dixerunt,
681 2834 750 2877 suae
779 2813 1029 2878 insurreccionis
1058 2814 1091 2878 in
1122 2834 1225 2898 regno
1251 2824 1329 2878 tunc
1355 2809 1510 2894 Angliae3
1548 2806 1635 2870 Item

281 2940 417 3015 propter
438 2933 608 3015 penuriam
633 2954 787 3018 magnam
810 2934 953 2998 surrexit
974 2944 1054 3000 tunc
1075 2934 1227 3018 populus,
1241 2955 1316 3017 quae
1339 2951 1397 3015 per
1419 2929 1635 3014 cupiditatem

282 3051 501 3116 existencium
524 3053 610 3117 circa
625 3075 736 3137 regem
753 3063 787 3118 et
802 3075 862 3137 per
876 3054 1042 3119 delectum
1060 3053 1202 3137 justiciae
1226 3063 1259 3118 et
1282 3075 1325 3118 ex
1348 3051 1454 3117 causis
1469 3048 1636 3132 praedictis

281 3171 488 3268 habundavit
503 3173 536 3236 in
551 3172 677 3257 Anglia
692 3174 748 3239 illo
764 3184 924 3257 tempore.
970 3174 1058 3239 Novi
1079 3176 1167 3238 enlm
1188 3194 1291 3239 unum
1305 3173 1433 3238 fatuum
1447 3171 1504 3253 qui
1519 3168 1636 3233 habuit

281 3312 384 3356 unum
406 3312 565 3377 magnum
581 3294 883 3360 archidiaconatum
908 3304 943 3361 et
965 3295 1012 3378 xiJ'
1037 3293 1234 3378 praebendas
1256 3313 1403 3377 magnas.
1448 3291 1535 3354 Item
1559 3287 1634 3353 novi

281 3423 361 3478 tunc
391 3414 555 3479 medicum
583 3424 734 3499 nuptum,
762 3427 796 3481 et
823 3435 964 3481 uxorem
990 3435 1084 3480 suam
1111 3415 1361 3498 relinquentem,
1385 3411 1525 3477 retinere
1549 3411 1635 3473 duos

281 3554 422 3616 magnos
447 3534 638 3612 decanatus,
670 3547 703 3601 et
734 3557 833 3600 unam
864 3556 1019 3621 magnam
1050 3535 1231 3616 rectoriam,
1261 3542 1295 3600 et
1325 3536 1409 3599 duas
1439 3530 1635 3615 praebendas

282 3672 431 3738 magnas,
454 3666 488 3720 et
510 3656 568 3720 vix
596 3656 628 3720 in
657 3678 723 3723 uno
746 3657 908 3722 beneficio
931 3656 1078 3722 residens
1100 3657 1162 3721 suit
1187 3666 1222 3722 et
1245 3675 1412 3740 nunquam
1439 3653 1472 3716 in
1494 3650 1577 3727 aliis,
1600 3658 1635 3713 et

280 3785 397 3841 contra
421 3776 506 3840 tales
532 3780 647 3842 ‘canes
675 3775 804 3843 mutos’
831 3778 976 3862 loquitur
1000 3777 1131 3860 Ysayas
1157 3784 1210 3842 ca⁰
1232 3777 1289 3859 56⁰
1312 3786 1346 3841 et
1373 3774 1515 3840 Sanctus
1540 3773 1633 3854 Jero-

280 3895 389 3960 nimus
411 3916 510 3979 super
531 3907 664 3962 textum
687 3898 820 3963 ibidem.

367 4025 406 4094 [p.
422 4025 496 4096 409·]
541 4018 588 4083 Et
602 4019 669 4083 vidi
691 4019 782 4083 illam
798 4015 1055 4106 (expositionem
1072 4018 1227 4084 Grostete
1243 4040 1313 4103 sup.
1330 4039 1382 4101 ep.
1399 4018 1436 4082 B.
1453 4016 1488 4081 P.
1504 4015 1572 4099 Ap.
1588 4019 1632 4083 ad

279 4135 391 4223 Tim),
421 4137 565 4204 Oxoniae
594 4159 682 4204 anno
709 4140 845 4205 Domini
872 4151 964 4219 1450.
1018 4140 1057 4204 In
1084 4163 1151 4224 quo
1177 4161 1274 4218 anno,
1298 4140 1331 4202 in
1362 4139 1487 4204 octavis
1517 4139 1632 4206 Sancti

278 4256 440 4340 Johannis
455 4259 674 4343 evangelistae,
687 4260 740 4326 die
756 4261 929 4340 dominica,
946 4262 1075 4326 ostendi
1092 4263 1125 4327 in
1141 4281 1292 4326 sermone
1308 4281 1383 4325 meo
1399 4261 1431 4325 in
1448 4260 1583 4329 Oxonia
1599 4263 1631 4327 in

927 4378 949 4428 G
968 4383 985 4427 2
