3818 4904
292 398 354 462 128
672 398 772 454 LOCI
797 400 826 452 E
854 399 978 453 LIBRO
1015 400 1272 455 VERITATUM.

290 621 371 687 talia
386 620 476 684 lucra
492 626 610 701 optant
626 617 716 700 leges
731 618 926 698 transgredi.
950 617 1056 698 ‘Jam,’
1073 618 1231 699 inquiunt,
1250 624 1401 701 ‘surgunt
1416 618 1505 683 lucra
1520 631 1642 698 nostra,

290 743 425 825 quando
447 739 598 803 homines
620 747 759 820 peccant
783 746 898 800 contra
924 735 1033 818 leges‚’
1060 748 1093 801 et
1116 739 1161 802 sic
1185 738 1339 802 laetantur
1364 740 1398 802 in
1421 741 1518 804 rebus
1540 741 1642 823 pessi·

291 864 362 942 mis,
384 872 520 945 propter
542 861 668 924 lucrum
692 859 874 942 pessimum
897 860 987 940 quod
1011 860 1158 942 sequitur
1180 881 1224 922 ex
1247 870 1384 942 peccato
1407 858 1556 924 aliorum.

376 981 501 1045 Audivi
523 981 611 1044 enim
636 1000 738 1042 unum
759 978 1002 1043 baccalaurium
1023 978 1136 1062 legum
1159 980 1334 1058 dicentem,
1351 981 1510 1045 ‘Utinam
1531 992 1641 1046 essent

288 1102 400 1186 plures
421 1101 648 1166 malefactores
669 1121 769 1182 quam
792 1108 877 1169 sunt,
894 1100 971 1181 quia
994 1108 1073 1163 tunc
1095 1120 1156 1162 nos
1179 1098 1308 1180 legistae
1328 1099 1526 1164 haberemus
1548 1122 1640 1184 mag-

289 1243 367 1286 num
386 1222 512 1285 lucrum
522 1219 539 1280 l’
562 1231 595 1284 et
616 1221 662 1285 sic
683 1220 810 1302 optavit
831 1230 867 1283 ut
889 1228 998 1282 essent
1018 1219 1104 1290 mali,
1121 1228 1256 1301 propter
1275 1219 1402 1283 lucrum
1423 1222 1513 1303 quod
1535 1223 1642 1286 inten-

288 1342 389 1406 debat
412 1362 470 1424 per
492 1341 767 1423 implacitationes
790 1338 924 1402 habere.

374 1471 409 1538 [p.
425 1470 461 1534 6.]
507 1462 651 1524 Domine
671 1461 783 1523 Deusl
811 1460 862 1536 da,
885 1468 921 1522 ut
945 1458 1089 1540 episcopi
1112 1468 1145 1521 et
1168 1458 1295 1540 praelati
1319 1461 1386 1523 sint
1409 1460 1456 1523 ita
1478 1461 1573 1542 proni
1596 1463 1640 1525 ad

288 1583 489 1648 mittendum
512 1582 617 1645 bonos
644 1591 679 1645 et
699 1601 794 1644 veros
820 1581 972 1643 doctores
997 1580 1030 1642 in
1054 1599 1195 1642 messem
1217 1589 1320 1655 tuam,
1344 1581 1405 1644 ie.
1425 1582 1458 1643 in
1477 1581 1639 1664 populum

286 1712 391 1782 tuum,
416 1704 501 1767 sicut
524 1723 630 1784 nuper
653 1701 785 1765 fuerunt
810 1699 938 1781 praelati
965 1699 1059 1781 proni
1086 1699 1128 1762 ad
1155 1700 1388 1781 praedicatores
1415 1703 1640 1781 revocand0s;

286 1833 474 1888 statuerunt
498 1823 585 1886 enim
611 1822 777 1885 neminem
799 1820 979 1902 praedicare
999 1841 1100 1902 quem
1123 1830 1262 1902 possunt
1284 1821 1453 1902 impedire,
1476 1822 1538 1885 nisi
1561 1822 1640 1887 talis

286 1944 348 2008 fuit
366 1944 422 2026 qui
446 1963 559 2006 eorum
580 1941 732 2005 habuerit
754 1941 930 2018 licentiam,
949 1961 1009 2022 pro
1032 1961 1097 2022 qua
1117 1942 1301 2005 obtarenda
1324 1941 1430 2006 solvet
1453 1943 1638 2023 pecuniam.

285 2062 339 2126 Tu
362 2064 489 2139 dixisti,
513 2042 666 2126 Domine
679 2061 768 2143 Jesu,
791 2061 938 2126 ‘Solvite
960 2061 1098 2137 asinum,
1123 2070 1156 2123 et
1180 2060 1336 2125 adducite
1359 2060 1479 2126 michi’

373 2193 407 2260 [p.
423 2193 459 2262 9.]
505 2184 580 2266 Ego
604 2184 729 2256 doctor,
746 2184 802 2265 qui
825 2182 898 2246 haec
919 2183 1043 2264 scripsi,
1068 2183 1144 2245 novi
1170 2183 1261 2264 quod
1285 2203 1370 2246 unus
1393 2184 1531 2247 ballivus
1553 2185 1640 2268 regis

287 2305 321 2370 in
343 2315 494 2387 tempore
518 2304 653 2368 Henrici
673 2303 799 2387 Quinti,
824 2295 909 2385 regis
927 2303 1070 2385 Angliae,
1093 2305 1227 2367 nomine
1248 2303 1417 2385 Johannes
1437 2305 1640 2383 Richworth,

286 2427 374 2490 dixit
400 2427 573 2490 univiro:
606 2425 757 2503 ‘Hodie’
784 2426 900 2507 inquit,
925 2426 1119 2508 ‘pecuniam
1143 2446 1208 2489 non
1231 2447 1304 2489 sum
1331 2427 1483 2492 lucratus.
1531 2427 1639 2490 Immo

286 2548 375 2612 dabo
398 2548 467 2625 tibi,
489 2547 542 2610 vel
567 2547 750 2629 cuicunque
772 2545 875 2620 alteri,
903 2547 959 2627 qui
986 2546 1155 2627 perturbet
1181 2566 1298 2627 pacem
1324 2546 1357 2609 in
1383 2547 1446 2610 hac
1469 2546 1549 2611 villa
1574 2549 1638 2613 isto

285 2668 349 2746 die,
371 2689 471 2731 unam
498 2667 656 2750 potellam
681 2667 757 2744 vini,
783 2667 861 2749 quia
885 2675 965 2730 tunc
990 2665 1125 2730 lucrabo
1148 2668 1305 2748 pecunias
1316 2667 1334 2746 ς’
1361 2677 1395 2731 et
1416 2668 1482 2731 alio
1504 2668 1639 2750 jurante

286 2790 376 2871 quod
399 2789 606 2871 perturbaret
628 2809 754 2871 pacem,
778 2788 900 2869 recepit
920 2808 940 2850 a
959 2787 1081 2850 ballivo
1102 2790 1225 2864 vinum,
1246 2799 1288 2867 et,
1307 2789 1385 2852 vino
1408 2799 1534 2871 potato,
1555 2810 1637 2852 mox

285 2928 361 2972 cum
386 2908 452 2972 olla
477 2909 575 2992 fregit
597 2918 697 2991 caput
716 2908 864 2990 ejusdem
891 2907 1012 2986 ballivi,
1035 2908 1157 2984 dicens
1179 2909 1274 2974 ‘Feci
1298 2930 1358 2991 pro
1385 2931 1452 2992 quo
1479 2931 1533 2973 me
1560 2930 1639 2974 con·

284 3028 411 3091 duxisti
422 3025 441 3105 ;'
473 3038 506 3092 et
536 3049 656 3111 magna
681 3028 720 3091 lis
746 3037 819 3090 orta
846 3037 925 3091 tunc
950 3028 1012 3091 suit
1038 3028 1123 3092 inter
1147 3048 1205 3092 eos
1231 3030 1264 3092 in
1289 3029 1406 3092 eadem
1430 3028 1517 3106 villa,
1546 3030 1637 3092 etin

286 3148 404 3211 eodem
437 3158 553 3225 castro,
578 3158 611 3211 et
641 3149 695 3226 sic,
718 3149 774 3230 qui
804 3157 916 3211 custos
942 3147 1055 3211 suisset
1090 3147 1181 3230 legis,
1212 3150 1374 3213 conduxit
1397 3149 1576 3226 hominem,
1600 3159 1638 3213 ut

284 3268 398 3333 iractae
428 3270 493 3332 sint
522 3269 621 3350 leges,
645 3279 681 3332 ut
715 3269 786 3350 ipse
815 3268 995 3334 lucraretur
1016 3289 1060 3331 cx
1083 3271 1341 3351 transgressione
1366 3269 1446 3351 legis
1469 3270 1636 3351 pecunias.

285 3388 381 3452 Istud
404 3388 464 3451 fuit
487 3388 611 3452 iactum
634 3389 668 3451 in
688 3388 767 3452 villa
789 3389 831 3452 de
852 3388 1069 3467 Pontesract0,
1091 3390 1123 3451 in
1147 3390 1305 3453 comitatu
1329 3390 1552 3468 Eboracensi3
1579 3392 1636 3472 qui

282 3510 366 3574 vidit
396 3509 476 3573 mihi
505 3508 732 3573 testimonium
762 3507 940 3590 perhibuit,
967 3530 1056 3573 anno
1082 3509 1218 3573 Domini
1246 3508 1337 3590 1448,
1361 3511 1395 3573 in
1419 3510 1565 3574 manerio
1594 3510 1638 3574 de

284 3630 436 3709 Hunslet,
460 3630 600 3694 Eborac.
623 3630 707 3695 dioc.
753 3630 793 3692 In
817 3651 883 3712 quo
906 3630 1051 3694 manerio
1073 3630 1119 3693 sui
1142 3641 1247 3695 natus.

370 3761 408 3828 [p.
426 3760 477 3825 η]
507 3752 624 3833 Nuper
645 3750 735 3815 enim
757 3751 791 3814 in
811 3751 948 3834 Anglia,
972 3751 1059 3816 circa
1080 3772 1205 3815 annum
1229 3752 1366 3816 Domini
1388 3770 1480 3836 1443,
1503 3752 1637 3817 inventa

282 3881 334 3937 est
357 3893 423 3938 una
445 3872 529 3937 falsa
551 3872 609 3935 lex
633 3873 720 3936 inter
743 3881 889 3947 caeteras,
913 3872 1003 3954 quod
1026 3873 1053 3935 si
1075 3871 1196 3954 aliquis
1223 3871 1350 3936 habens
1374 3881 1478 3937 terras
1502 3871 1636 3939 taliatas

281 3993 344 4056 sibi
366 4003 400 4058 et
421 3992 609 4058 haeredibus
627 3993 701 4072 suis,
717 3992 866 4076 legitime
889 4015 933 4056 ex
954 3994 1026 4077 ipso
1049 3994 1239 4075 procreatis
1263 4002 1365 4076 ponat
1387 3993 1460 4057 illas
1481 3994 1515 4057 in
1536 3994 1637 4058 vadio

282 4113 325 4177 ad
363 4124 489 4179 certum
518 4124 651 4196 tempus
685 4113 783 4178 alicui
819 4135 880 4197 pro
916 4113 1064 4196 pecuniis
1102 4123 1217 4177 mutuo
1255 4113 1458 4196 recipiendis,
1491 4124 1571 4178 tunc
1606 4113 1636 4176 si

281 4235 447 4299 mutuanti
477 4256 542 4299 non
566 4235 735 4301 solvantur
759 4235 908 4319 pecuniis
932 4235 965 4298 in
992 4235 1046 4299 die
1073 4233 1213 4318 praefixa
1244 4234 1407 4314 solutioni,
1434 4244 1513 4301 tunc
1539 4243 1637 4299 terrae
