3818 4904
683 429 783 485 LOCI
808 429 838 484 E
866 431 992 487 LIBRO
1026 431 1285 488 VERITATUM.
1618 435 1660 503 27

308 641 399 704 sonis
414 651 491 725 post
512 662 698 707 sermonem
717 645 797 708 istas
817 645 1053 723 conclusiones,
1068 646 1212 729 plurium
1233 646 1394 709 malorum
1415 643 1663 708 et‘abusionum
1747 662 1754 682 =

307 762 502 840 causativas,
533 763 566 826 in
594 763 721 847 Anglia
752 775 786 829 et
811 765 904 829 ¹alibi.
950 765 1072 828 Nullus
1101 767 1165 830 scit
1192 767 1332 849 probare
1367 767 1457 847 quod
1489 765 1663 847 episcopus

308 882 343 945 in
367 881 432 946 hoc
458 884 547 965 quod
573 895 624 949 est
646 886 820 968 episcopus
842 886 1008 969 obligatur
1029 886 1263 969 praedicare'in
1287 906 1353 949 sua¹
1368 885 1500 968 propria
1522 904 1663 968 persona

309 1002 410 1086 vulgo
421 1024 490 1066 suae
505 1005 663 1080 diocesis;
686 1007 879 1088 accipiendo
889 1007 977 1070 istud
993 1027 1178 1070 sermonem
1195 1006 1373 1088 praedicare
1391 1007 1424 1070 in
1439 1025 1500 1069 sua
1515 1004 1664 1068 maxima

305 1121 438 1186 famosa
453 1124 706 1207 significatione.

399 1244 487 1308 Item
506 1247 617 1329 posuit
632 1249 722 1330 quod
739 1249 884 1329 episcopi
900 1267 967 1310 non
982 1247 1107 1310 debent
1122 1256 1234 1311 tenere
1249 1267 1285 1310 se
1304 1247 1393 1329 ipsos
1411 1246 1484 1309 esse
1499 1245 1664 1329 obligatos

309 1361 352 1426 ad
382 1365 630 1446 praedicandum
661 1369 694 1430 in
724 1367 864 1451 proprIis
895 1368 1044 1450 personis
1072 1367 1140 1430 suis
1165 1366 1396 1430 communitati
1425 1365 1566 1449 propriae
1595 1385 1664 1428 suae

311 1484 459 1561 diocesin,
487 1487 520 1549 in
547 1507 588 1550 eo
614 1497 648 1550 et
672 1508 732 1570 pro
760 1509 800 1551 eo
826 1490 916 1570 quod
942 1497 1020 1551 sunt
1049 1487 1195 1569 episcopi
1225 1488 1408 1568 superiores
1437 1485 1510 1549 aliis
1535 1485 1665 1563 curatis,

310 1605 369 1668 sed
390 1613 544 1669 tenentur
555 1615 678 1671 'tenere
697 1629 733 1672 se
753 1609 843 1690 ipsos
863 1608 983 1672 liberos
1002 1618 1037 1672 et
1057 1609 1184 1671 solutos
1199 1607 1242 1670 ab
1258 1609 1322 1671 isto
1337 1627 1436 1670 onere
1451 1606 1662 1688 praedicandi,

309 1725 417 1789 verbis
432 1727 549 1809 positis
564 1725 598 1789 in
613 1727 676 1790 ista
690 1727 901 1792 conclusione
916 1728 1059 1810 acceptis
1074 1727 1299 1791 famosissimis
1314 1727 1620 1810 significacionibus.

399 1847 485 1910 Item
507 1846 654 1930 episcopi
678 1849 718 1911 in*
733 1848 797 1912 hoc
819 1850 909 1930 quod
923 1857 1008 1912 sunt
1029 1848 1173 1932 episcopi
1196 1848 1320 1912 debent
1341 1849 1463 1912 habere
1488 1849 1664 1913 scienciam

306 1967 344 2030 in
368 1966 431 2030 illis
454 1969 600 2032 materiis
621 1989 706 2051 quas
734 1971 837 2033 curati
860 1970 1029 2034 inferiores
1054 1972 1180 2035 debent
1203 1971 1383 2054 praedicare
1406 1971 1458 2034 vel
1480 1972 1609 2048 docere,
1631 1979 1666 2034 et

310 2087 436 2152 debent
457 2086 580 2152 habere
602 2089 762 2171 majorem
790 2091 965 2154 scienciam
989 2091 1023 2155 in
1045 2090 1200 2154 tunsione
1222 2100 1257 2154 et
1279 2090 1447 2156 solucione
1469 2107 1664 2174 magnamm

307 2207 533 2291 quaestionum
555 2228 655 2290 quam
680 2209 804 2274 debent
827 2210 950 2274 habere
972 2211 1074 2276 curati
1100 2210 1277 2287 inferiores,
1304 2212 1337 2274 in
1361 2210 1425 2275 hoc
1449 2221 1484 2276 et
1513 2232 1573 2293 per
1600 2210 1665 2274 hoc

309 2328 400 2411 quod
425 2338 503 2392 sunt
526 2330 631 2395 curati
655 2330 830 2394 inferiores.

398 2448 486 2512 Item
522 2450 669 2532 episcopi
708 2450 834 2514 habent
874 2452 1111 2534 proprietatem
1149 2453 1193 2516 ad
1230 2451 1464 2516 resumendum
1501 2460 1537 2515 et
1573 2471 1666 2514 assu-

303 2570 470 2632 mendum
500 2570 562 2633 sibi
592 2580 627 2634 et
657 2571 700 2634 ad
733 2571 970 2636 dimittendum
1004 2573 1141 2654 quando
1176 2570 1295 2635 volunt
1331 2572 1476 2635 officium
1512 2579 1547 2635 et
1580 2590 1666 2654 opus

310 2690 565 2773 praedicacionis,
592 2692 804 2756 consimiliter
828 2691 914 2756 sicut
941 2692 1068 2756 habent
1094 2692 1329 2775 proprietatem
1358 2692 1403 2756 ad
1433 2691 1665 2756 resumendum

309 2819 345 2874 et
384 2811 429 2873 ad
465 2811 695 2893 accipiendum
735 2812 909 2895 quodlibet
948 2813 993 2876 ad
1028 2810 1113 2895 opus
1150 2832 1237 2877 curae
1272 2813 1440 2896 pertinens
1477 2811 1592 2876 infimo
1631 2820 1667 2875 et

306 2930 597 2995 Immediatissimo
619 2943 734 2996 curato
760 2934 895 3016 quando
915 2932 1041 3008 volunt,
1065 2934 1112 2996 sie
1136 2933 1226 3016 quod
1253 2954 1312 3015 per
1336 2932 1401 2996 hoc
1427 2931 1572 3016 episcopi
1600 2949 1666 2995 non

310 3058 389 3114 sunt
411 3051 561 3134 impediti
584 3072 605 3115 a
628 3053 754 3116 meliori
779 3073 880 3136 opere
903 3075 964 3117 suo
986 3053 1160 3117 ordinariae
1187 3073 1283 3130 curae,
1309 3053 1399 3135 quod
1426 3072 1487 3135 per
1512 3072 1569 3116 eos
1596 3050 1665 3115 fieri

310 3170 422 3249 debet,
444 3180 479 3235 et
500 3172 591 3255 quod
614 3193 681 3236 non
703 3183 815 3255 potest
837 3172 1001 3237 ordinarie
1025 3172 1094 3236 fieri
1116 3193 1176 3256 per
1196 3172 1298 3237 alium
1321 3182 1482 3237 curatum.
1545 3165 1548 3169 ’

400 3291 486 3355 Item
516 3292 662 3376 episcopi
692 3305 831 3377 possunt
860 3315 920 3377 per
952 3295 1100 3358 diversas
1127 3313 1244 3356 causas
1273 3313 1345 3357 esse
1374 3293 1531 3357 absentes
1555 3312 1576 3355 a
1600 3292 1666 3354 suis

310 3411 498 3475 diocesibus
520 3422 555 3477 et
578 3433 645 3477 non
666 3414 847 3478 residentes
867 3415 899 3477 in
923 3414 990 3477 suis
1014 3414 1201 3478 diocesibus
1221 3413 1428 3478 excusatorie
1446 3422 1480 3476 et
1500 3412 1666 3476 meritorie

311 3542 346 3596 et
369 3549 444 3596 curn
466 3533 650 3616 graciarum
671 3535 806 3598 accione
827 3555 930 3618 penes
951 3535 1072 3612 Deum,
1089 3544 1123 3599 et
1144 3535 1240 3598 aliter
1261 3542 1437 3616 peccarent
1457 3553 1568 3598 coram
1591 3532 1666 3595 Deo

310 3653 454 3716 durante
475 3661 626 3736 tempore
649 3654 778 3718 illamm
801 3675 983 3720 causarum.

400 3772 487 3837 Item
514 3774 620 3857 magis
644 3774 726 3840 utile
754 3796 839 3858 opus
864 3785 976 3859 potest
998 3776 1067 3840 fieri
1093 3776 1266 3840 animabus
1291 3774 1464 3838 hominum
1487 3792 1587 3855 quam
1614 3781 1666 3836 est

308 3914 396 3976 opus
426 3893 680 3976 praedicacionis,
708 3896 772 3959 isto
798 3896 941 3960 termino
966 3898 1205 3980 pradicacione
1229 3905 1367 3978 accepto
1393 3895 1426 3957 in
1454 3913 1514 3957 sua
1539 3892 1667 3956 famosa

303 4022 347 4078 -et
371 4013 493 4078 usitata
516 4014 770 4097 significacione.

402 4136 489 4200 Item
520 4154 580 4200 nec
609 4156 697 4219 papa
726 4157 787 4201 nee
815 4137 961 4219 episcopi
989 4137 1125 4220 Angliae
1155 4148 1232 4203 sunt
1262 4135 1441 4202 Simoniaci
1471 4135 1505 4198 in
1533 4133 1597 4198 hoc
1631 4141 1667 4198 et

312 4275 372 4338 per
394 4255 459 4321 hoc
487 4256 577 4339 quod
604 4256 764 4340 recipiunt
792 4279 813 4323 a
843 4278 930 4342 papa
959 4278 1037 4322 suos
1062 4260 1270 4343 episcopatus
1298 4277 1358 4340 per
1382 4254 1601 4341 provisionem
1630 4246 1666 4319 'et

962 4377 984 4425 E
1002 4381 1019 4424 2
