3818 4904
287 390 350 451 166
662 394 760 459 Locl
785 392 815 446 E
842 392 967 447 LIBRO
1003 391 1261 447 VERITATUM.

374 619 412 686 [p.
439 617 506 683 ιη]
550 615 754 684 Dispensoro
778 615 833 670 vel
858 611 1050 670 lioonoisre.
1095 604 1183 668 Novi
1214 603 1301 667 enim
1329 622 1431 665 unum
1458 599 1514 683 qui
1538 598 1638 682 peciit

287 751 309 795 a
333 730 480 813 quodam
505 727 662 793 cardinali
688 729 722 792 in
745 725 872 809 Anglia
895 734 933 789 ut
959 724 1183 789 nominaretur
1206 722 1394 806 capellanus
1420 720 1579 803 ejusdem,
1604 726 1639 782 et

287 849 351 913 sibi
380 851 541 914 concessit
568 858 604 912 ut
628 849 674 912 sie
698 857 877 923 vocaretur,
903 855 938 910 et
960 856 1033 910 turn
1057 865 1227 926 nunquam
1256 845 1302 907 sic
1328 843 1410 920 luit3
1436 849 1471 904 et
1496 839 1558 904 sub
1582 837 1640 901 illa

289 968 523 1034 informacione
552 968 696 1049 optinuit
725 987 745 1030 a
771 987 858 1050 papa
886 966 1039 1048 Eugenio
1068 966 1152 1028 duas
1183 963 1338 1029 ecclesias
1366 959 1639 1044 incompatibiles,

289 1098 325 1155 et
343 1110 409 1153 non
433 1089 575 1153 residere
597 1088 629 1151 in
649 1088 761 1169 aliqua
782 1107 915 1164 earum3
943 1097 976 1150 et
995 1083 1127 1149 licentia
1150 1084 1205 1149 illa
1226 1084 1379 1149 utebatur
1398 1102 1519 1147 vacans
1540 1101 1641 1145 vena·

289 1211 439 1276 cionibus
461 1221 495 1274 et
517 1209 642 1274 deliciis
664 1208 809 1291 corporis
833 1208 927 1289 quasi
951 1207 1042 1270 omni
1064 1207 1127 1269 die.

378 1339 419 1408 [p.
437 1339 504 1404 ηε]
549 1330 596 1393 Et
620 1330 696 1394 ideo
721 1327 888 1411 collegiati
909 1327 980 1409 jam
1003 1334 1037 1390 et
1058 1326 1307 1408 approprietarii
1339 1325 1561 1400 ecclesiarum,
1583 1324 1640 1406 qui

291 1452 417 1517 habent
450 1452 603 1518 ecclesias
631 1451 678 1515 eis
710 1470 859 1514 annexas
888 1469 945 1512 seu
976 1447 1211 1531 appropriatas,
1235 1455 1355 1530 optant
1383 1447 1454 1530 jam
1485 1444 1643 1510 exhibere

288 1573 360 1655 jam
387 1572 584 1637 rusticaliter
609 1581 644 1636 et
674 1570 904 1634 insufficienter
934 1588 1037 1632 unum
1064 1568 1280 1646 sacerdotem,
1304 1568 1451 1646 inscium,
1473 1566 1642 1642 viciosum,

292 1703 327 1758 et
352 1693 500 1757 ideotam
526 1693 583 1776 qui
613 1712 673 1756 nec
703 1691 775 1769 scit,
803 1710 864 1754 nec
894 1698 1015 1772 potest,
1043 1708 1103 1753 nec
1131 1688 1204 1753 vult
1229 1709 1268 1752 ea
1293 1688 1402 1754 facere
1432 1710 1506 1772 quae
1532 1709 1644 1753 neces·

292 1812 378 1877 saria
400 1825 476 1877 sunt
499 1833 585 1877 curae
608 1812 803 1889 animarum,
824 1820 859 1875 et
881 1811 937 1892 qui
961 1830 1020 1875 nec
1043 1811 1113 1888 scit,
1135 1830 1196 1874 nec
1219 1820 1330 1893 potest
1352 1820 1467 1875 contra
1489 1831 1547 1874 eos
1569 1829 1645 1892 pro-

293 1934 465 2017 prietarios
483 1933 661 2016 quaerelam
685 1933 800 2009 lacere,
815 1952 874 1995 nec
896 1931 980 1995 vicia
1003 1950 1117 1995 eorum
1140 1932 1343 2015 redarguere,
1367 1953 1428 1996 nec
1451 1943 1566 1998 contra
1588 1950 1646 1994 eos

293 2051 392 2133 loqui,
416 2069 476 2114 nec
506 2050 689 2113 remedium
716 2069 776 2114 nec
802 2047 1110 2131 augmentacionem
1136 2049 1243 2113 victus
1269 2050 1318 2112 sui
1344 2070 1504 2132 quaerere.
1558 2048 1646 2113 Novi

294 2174 382 2236 enirn
406 2190 507 2233 unum
531 2190 689 2252 magnum
712 2171 746 2233 in
770 2170 903 2247 mund0,
920 2169 1058 2233 idiotam
1082 2169 1223 2251 ingenio,
1238 2170 1431 2253 simpliciter
1452 2171 1590 2235 inscium
1613 2170 1647 2234 in

294 2291 511 2375 grammatica
531 2301 565 2355 et
588 2292 621 2353 in
641 2309 838 2373 quacunque
860 2289 998 2353 scientia
1011 2309 1097 2367 vera,
1113 2299 1305 2371 promotum
1321 2311 1381 2373 per
1402 2312 1504 2355 unum
1526 2311 1647 2373 regem,

295 2423 330 2478 et
352 2431 412 2496 per
431 2411 601 2475 licenciam
622 2431 718 2493 papae
742 2410 884 2493 Eugenii
907 2408 983 2491 iiijil,
1007 2411 1040 2473 in
1065 2430 1224 2491 magnum
1246 2410 1550 2477 archidiaconatum
1572 2433 1650 2477 cen-

295 2543 368 2598 tum
395 2531 552 2596 librarum
580 2533 613 2594 in
639 2531 760 2607 valore,
781 2538 815 2594 et
841 2530 942 2594 etiam
970 2530 1002 2592 in
1028 2531 1225 2612 praebendas
1251 2531 1427 2596 duodecim
1453 2531 1551 2596 simul
1573 2553 1649 2596 cum

296 2652 367 2730 hoc,
397 2662 431 2717 et
461 2672 520 2734 per
550 2671 602 2713 xx
631 2670 746 2724 annos,
778 2658 815 2713 ut
840 2670 902 2732 ego
933 2651 1018 2724 novi,
1052 2652 1194 2727 retinuit,
1225 2662 1260 2716 et
1287 2661 1400 2717 tamen
1427 2673 1590 2736 nusquam
1616 2655 1651 2718 in

296 2773 407 2855 aliqua
429 2792 542 2836 earum
565 2770 819 2852 praebendarum
842 2790 902 2834 nec
926 2771 958 2833 in
981 2771 1093 2853 aliqua
1114 2773 1295 2855 praebenda
1317 2773 1387 2852 ruit,
1407 2794 1467 2838 nec
1491 2774 1535 2837 ibi
1559 2794 1652 2838 man·

297 2894 349 2969 sit,
377 2913 437 2957 nec
466 2911 570 2955 unum
600 2891 772 2955 denarium
796 2891 844 2954 eis
873 2892 906 2954 in
934 2891 1105 2956 elimosina
1131 2894 1233 2969 dedit,
1258 2914 1319 2959 nec
1349 2915 1453 2959 unum
1478 2896 1651 2959 denarium

299 3013 431 3097 recepit,
461 3012 523 3075 nisi
552 3012 735 3077 secuudum
764 3012 971 3078 voluntatem
1001 3015 1144 3078 viromm
1174 3014 1380 3093 secularium,
1410 3016 1467 3099 qui
1497 3015 1654 3081 ecclesias

299 3155 376 3200 suas
402 3142 435 3198 et
460 3134 656 3215 praebendas
682 3134 715 3196 in
740 3154 839 3197 manu
867 3155 928 3199 sua
954 3134 1061 3199 laicali
1086 3136 1298 3214 retinuerunt,
1322 3147 1357 3202 et
1382 3159 1441 3222 per
1464 3159 1516 3201 xx
1538 3158 1652 3215 annos,

298 3266 334 3322 et
354 3256 387 3320 in
405 3252 673 3318 archidiaconatu
694 3275 755 3318 suo
782 3275 884 3317 unum
905 3255 1078 3318 officialem
1102 3257 1337 3324 ordinaverunt
1361 3260 1405 3324 ad
1429 3260 1653 3344 colligendum

299 3377 456 3461 pecunias
473 3377 563 3439 omni
579 3395 677 3450 anno,
695 3385 728 3439 et
744 3375 916 3439 licenciam
932 3396 997 3439 non
1013 3376 1178 3455 visitandi,
1193 3390 1228 3443 et
1246 3390 1284 3445 ut
1302 3401 1369 3444 non
1385 3391 1473 3446 esset
1491 3383 1654 3462 sacerdos,

299 3517 424 3581 apapa
440 3496 592 3578 Eugenio
606 3494 742 3573 habuit;
766 3505 800 3559 et
820 3496 894 3560 laici
915 3498 1064 3580 praedicti
1085 3520 1130 3563 ex
1151 3501 1305 3565 omnibus
1323 3502 1492 3568 beneficiis
1509 3505 1577 3569 suis
1596 3506 1656 3570 de·

300 3621 420 3685 derunt
440 3620 470 3682 ei
489 3628 619 3682 tantum
642 3619 814 3683 annuatim
835 3629 998 3701 quantum
1017 3619 1064 3684 eis
1086 3620 1220 3703 placuit,
1234 3623 1294 3686 vix
1309 3644 1344 3686 x.
1361 3623 1415 3704 li.;
1438 3634 1471 3689 et
1491 3627 1583 3691 omni
1601 3629 1657 3692 die

300 3741 368 3805 lere
388 3742 464 3804 novi
487 3761 562 3804 eum
583 3741 708 3804 ebrium
730 3739 850 3820 suisse3
874 3750 908 3806 et
931 3743 1009 3824 quia
1029 3741 1090 3806 luit
1113 3744 1235 3808 stultus
1257 3765 1332 3808 cum
1354 3747 1501 3828 quodam
1520 3769 1606 3831 rege,
1623 3758 1658 3814 et

301 3861 420 3926 ludens
442 3882 518 3927 cum
534 3883 574 3925 eo
596 3862 629 3924 in
644 3853 827 3944 juventute,
845 3865 921 3927 ideo
937 3864 982 3928 sic
1005 3875 1177 3948 promotus
1197 3866 1259 3931 fuit
1277 3888 1336 3949 per
1359 3869 1538 3935 instancias
1559 3871 1658 3936 laico-

303 4003 384 4060 mm,
407 3984 463 4065 qui
484 3984 650 4048 vocabant
670 3984 797 4068 seipsos
819 3986 998 4051 creditores
1021 3987 1132 4070 ipsius,
1153 3997 1187 4052 et
1210 3997 1324 4052 tamen
1347 4010 1407 4072 per
1428 4011 1553 4055 annum
1576 3994 1659 4058 inte-

304 4124 398 4186 gmm
418 4126 484 4168 non
504 4105 684 4170 visitabant
707 4128 793 4172 eum.
840 4108 934 4172 Heul
961 4107 1045 4173 heu!
1073 4119 1156 4193 quot
1177 4111 1266 4176 mala
1289 4122 1473 4195 sequuntur
1494 4116 1575 4178 dato
1593 4136 1660 4181 uno

306 4219 402 4296 malo,
422 4230 507 4286 teste
531 4220 623 4287 Deo!
670 4223 745 4307 Ego
768 4225 886 4289 doctor
909 4227 984 4290 novi
1009 4226 1073 4292 ista
1096 4247 1168 4291 esse
1191 4248 1268 4294 vera
1287 4238 1320 4294 et
1344 4230 1444 4295 etiam
1468 4230 1623 4314 pessima.
