3818 4904
591 435 690 491 LOCI
716 435 746 489 E
775 435 898 489 LIBRO
935 434 1192 489 VERITATUM.
1527 443 1568 506 31

216 669 285 715 non
306 649 419 714 vacavi
443 657 590 713 nectam
614 671 692 732 sepe
715 649 890 732 praedicavi
914 659 950 714 ut
972 651 1074 733 potui,
1090 648 1240 732 quamvis
1258 647 1382 711 nullam
1398 639 1570 711 ecclesiam

217 793 275 836 seu
302 770 516 854 praebendam
540 771 593 835 vel
620 771 817 853 dignitatem
842 770 1098 836 ecclesiasticam
1122 791 1181 852 per
1207 779 1285 834 tunc
1310 768 1410 832 habui
1437 770 1495 833 sed
1526 790 1570 832 ex

217 893 416 976 patrimonio
438 892 540 974 patris
563 892 627 956 mei
652 892 786 956 Ricardi
807 891 991 975 Gascoigne
1015 891 1233 955 Eboracensis
1256 891 1395 955 diocesis
1416 890 1494 968 vixi,
1511 911 1573 972 pro

218 1014 311 1097 cujus
330 1016 441 1078 anima
456 1024 490 1078 et
507 1014 620 1077 matris
637 1034 720 1076 meae
735 1013 894 1076 Beatricis
910 1012 981 1076 laus
997 1013 1073 1076 Deo
1088 1033 1166 1076 vero
1184 1032 1317 1094 semper
1331 1013 1364 1074 in
1380 1010 1494 1093 gloria.
1539 1010 1570 1075 Ο

217 1136 245 1199 si
253 1136 379 1201 videret
395 1136 573 1217 praedictus
584 1133 803 1199 Assavensis¹
818 1134 1027 1217 Reginaldus
1044 1133 1152 1198 Pecok
1164 1142 1246 1216 quot
1261 1134 1349 1197 bona
1364 1134 1572 1214 pervenerint

218 1277 264 1321 ex
293 1277 358 1320 una
385 1251 639 1338 praedicacione!
690 1256 736 1320 Et
766 1257 922 1338 quociens
953 1263 1086 1319 sanctus
1113 1255 1204 1337 Papa
1235 1254 1419 1338 Gregorius,
1444 1255 1572 1337 magnis

218 1377 464 1442 infirmitatibus
496 1378 660 1453 detentus,
695 1377 885 1459 praedicavit
920 1378 954 1440 in
990 1396 1130 1460 persona
1153 1379 1309 1460 propria,
1345 1386 1382 1440 ut
1416 1385 1509 1458 patet
1540 1377 1572 1438 in

219 1497 353 1563 Omelia
367 1518 428 1562 sua
445 1506 500 1560 20⁸
515 1507 548 1562 et
565 1515 602 1560 21
619 1523 627 1576 ;
651 1508 686 1562 et
701 1499 835 1580 quando
856 1518 922 1562 non
942 1500 1052 1580 potuit
1073 1499 1157 1562 bene
1177 1497 1268 1581 ioqui
1290 1497 1366 1562 iecit
1386 1517 1572 1561 sermonem

218 1640 316 1683 suum
331 1639 391 1701 per
411 1619 575 1683 notarium
591 1638 702 1682 coram
719 1619 844 1701 populo
859 1618 943 1702 legit
990 1619 1068 1695 Iste,
1087 1630 1158 1683 tum
1175 1620 1349 1701 episcopus
1365 1618 1571 1692 Assavensis,

219 1741 338 1805 eodem
353 1761 441 1804 anno
462 1741 587 1804 domini
609 1746 679 1802 mm⁰
700 1746 812 1803 ccccm⁰
832 1739 912 1803 xlvii
933 1741 966 1803 in
985 1740 1124 1804 ecclesia
1146 1733 1259 1805 Sancti
1281 1741 1372 1805 Pauli
1390 1740 1575 1805 Londoniae

220 1870 254 1925 et
269 1863 358 1944 apud
375 1860 553 1925 Lamehith
569 1858 754 1923 Londoniae
771 1880 882 1924 coram
898 1859 1145 1943 archiepiscopo
1159 1860 1387 1926 Cantuariensi
1404 1860 1574 1941 Stafforth‚

219 1984 357 2048 doctore
391 1983 511 2065 legum,
542 1991 576 2045 et
606 2000 717 2044 coram
748 1982 904 2064 episcopo
938 1991 1017 2046 tunc
1049 1982 1254 2058 Cicestrensi‚
1285 1983 1399 2047 Adam
1431 1983 1572 2058 Molem,

219 2107 355 2169 doctore
386 2104 507 2186 legum,
539 2111 573 2166 et
603 2122 714 2166 coram
744 2104 900 2185 episcopo
931 2102 1161 2181 Wintoniensi‚
1190 2103 1360 2168 Willelmo
1393 2103 1573 2188 Waynflet,

220 2225 416 2291 bacalaureo
443 2243 545 2289 sacrae
572 2222 758 2307 theologiae,
787 2224 874 2288 dixit
900 2225 990 2307 quod
1022 2227 1196 2308 episcopus
1225 2234 1357 2290 tenetur
1388 2228 1575 2308 praedicarc,

220 2349 279 2412 sed
318 2367 383 2410 non
421 2349 454 2410 in
492 2353 654 2428 quantum
687 2346 872 2427 episcopus,
903 2356 936 2410 et
970 2346 1235 2429 archiepiscopus
1266 2346 1511 2411 cantuariensis
1541 2359 1574 2412 ct

222 2469 438 2534 Cicestrensis
454 2467 500 2531 sic
515 2466 694 2530 dixerunt:
716 2466 808 2528 ‘Nos
819 2468 939 2530 scimus
954 2467 1045 2549 quod
1062 2469 1235 2550 episcopus
1251 2478 1382 2532 tenetur
1396 2470 1576 2550 praedicare

221 2609 266 2654 ex
288 2589 402 2653 debito
424 2587 520 2652 officii
543 2589 592 2650 sui
605 2583 632 2665 ;'
655 2596 689 2651 et
711 2585 774 2650 hoc
790 2587 877 2652 idem
894 2587 1003 2670 plures
1019 2589 1173 2653 doctores
1188 2609 1289 2653 sacrae
1304 2589 1481 2673 theologiae
1496 2601 1575 2654 tunc

222 2712 408 2777 Londoniae
438 2711 620 2775 existentes
655 2708 820 2788 dixerunt,
851 2718 885 2774 et
915 2711 1139 2792 probaverunt
1175 2722 1209 2777 et
1239 2712 1360 2794 pluries
1391 2696 1580 2777 Londoniae

220 2832 503 2916 praedicavemnt3
538 2841 572 2895 et
598 2831 753 2912 episcopo
780 2831 962 2896 Assavensi
985 2832 1116 2897 dicente
1143 2854 1254 2897 coram
1280 2836 1445 2917 praedictis
1471 2835 1577 2899 tribus

222 2955 392 3039 episcopis,
409 2953 614 3038 ‘Episcopus
635 2962 767 3017 tenetur
785 2954 961 3035 predicare,
978 2955 1037 3017 sed
1061 2975 1127 3017 non
1146 2955 1178 3017 in
1200 2966 1363 3038 quantum
1385 2953 1577 3038 episcopus,'

222 3079 336 3142 statim
367 3096 451 3140 unus
482 3072 670 3141 Bacalarius
692 3075 815 3137 arcium
839 3074 985 3139 Oxoniae
1010 3077 1057 3139 sic
1081 3085 1196 3139 contra
1222 3079 1414 3159 episcopum
1445 3078 1576 3160 publice

222 3197 384 3281 arguebat
413 3198 447 3261 in
481 3197 660 3279 praesencia
695 3195 845 3277 ejusdem
875 3199 1022 3279 episcopi
1052 3196 1251 3261 Assavensis
1282 3208 1315 3262 et
1344 3201 1575 3282 praedictorum

223 3320 461 3402 episcoporum,
477 3318 682 3399 ‘Episcopus
705 3327 837 3381 tenetur
857 3318 1044 3400 praedicare,
1061 3320 1118 3382 sed
1140 3341 1206 3384 non
1223 3322 1256 3383 in
1272 3332 1433 3403 quantum
1451 3324 1577 3404 episco-

223 3461 295 3524 pus,
320 3451 357 3505 ut
385 3460 445 3503 vos
472 3440 588 3517 dicitis,
612 3438 670 3502 sed
696 3448 809 3503 contra
833 3460 893 3504 vos
919 3461 1022 3523 arguo
1049 3442 1103 3519 sic,
1129 3443 1173 3506 de
1199 3442 1334 3507 licencia
1359 3444 1485 3508 domini
1512 3445 1576 3507 mei

225 3562 473 3627 Cantuariensis
497 3560 551 3624 hic
575 3563 745 3643 presentis.
796 3560 832 3625 Si
863 3563 896 3625 in
926 3571 1089 3645 quantum
1115 3565 1206 3628 dicat
1235 3566 1468 3647 prescisionem
1499 3576 1578 3631 tunc

224 3684 400 3766 episcopus
431 3702 491 3746 nec
521 3692 654 3746 tenetur
682 3682 862 3765 praedicare
889 3703 948 3748 nec
978 3683 1068 3748 aliud
1100 3706 1184 3768 opus
1212 3685 1327 3763 facere,
1358 3689 1436 3768 quia
1465 3698 1501 3752 ut
1531 3689 1579 3751 sic

225 3805 390 3887 equinitas
408 3814 459 3868 est
481 3813 612 3868 tantum
632 3804 805 3886 equinitas,
822 3805 848 3868 si
872 3807 905 3868 in
928 3816 1090 3889 quantum
1113 3806 1178 3870 alio
1202 3809 1303 3871 modo
1322 3818 1481 3885 teneatur,
1499 3821 1579 3873 tunc

226 3935 278 3992 est
297 3945 412 3990 verum
434 3925 524 4008 quod
547 3924 657 3988 nullus
679 3927 853 4008 episcopus
876 3936 1007 3991 tenetur
1029 3925 1251 4011 praedicare;’
1282 3951 1348 4011 quo
1372 3929 1460 3994 sacto
1481 3930 1579 3993 valde

225 4047 380 4112 confusus
400 4058 435 4112 et
450 4047 646 4111 vericundus
666 4046 727 4111 suit
746 4045 946 4112 Assavensis
964 4051 1137 4133 episcopus
1160 4060 1194 4114 et
1214 4050 1368 4114 surrexit.
1414 4051 1580 4114 Dominus

226 4190 307 4253 ergo
329 4169 420 4234 De'us
441 4171 483 4234 sit
504 4168 707 4248 benedictus,
722 4170 778 4252 qui
802 4170 968 4234 destruxit
991 4182 1024 4236 et
1047 4171 1220 4236 infatuavit
1244 4151 1415 4235 consilium
1438 4171 1579 4236 Achito·

462 4300 474 4337 ¹
491 4304 521 4354 In
532 4304 644 4370 margine
656 4311 758 4370 ‘postea
769 4305 815 4354 fuit
827 4305 958 4370 episcopus
969 4305 1145 4368 Cicestrensis:
1157 4307 1244 4357 eadem
1255 4322 1339 4356 manu.
