3818 4904
604 445 702 499 LOCI
728 446 758 498 E
786 444 911 498 LIBRO
946 444 1205 498 VERITATUM.
1541 460 1584 523 39

229 656 356 719 sionem
385 657 589 739 pontificum,
614 660 692 740 quia
719 657 866 722 defensio
892 659 1038 722 veritatis
1065 669 1143 722 tunc
1166 679 1226 739 per
1249 659 1400 722 doctores
1426 669 1504 724 tunc
1527 684 1585 746 per

230 777 336 840 malos
363 778 536 861 episcopos
563 798 628 841 non
654 778 768 841 habuit
794 798 854 861 per
880 778 1053 861 episcopos
1084 774 1152 864 (sic,
1175 775 1290 863 supra)
1316 780 1480 861 prolatam
1511 804 1584 847 sen-

229 897 396 974 tenciam;
431 908 464 961 et
490 919 552 981 ego
576 899 734 979 magister
753 899 903 961 Thomas
925 898 1122 981 Gascoigne,
1146 897 1263 963 doctor
1284 921 1386 964 sacrae
1409 901 1584 986 theologiae

230 1025 264 1080 et
301 1017 512 1082 cancellarius
549 1019 718 1100 quondam
753 1018 964 1094 OxoniensiS,
997 1039 1095 1081 manu
1135 1033 1208 1084 m'ea
1246 1022 1378 1103 propria
1414 1023 1584 1087 subscribo

229 1138 388 1220 praedicta
410 1159 481 1202 esse
503 1159 588 1216 vera,
605 1160 682 1201 nam
707 1140 884 1221 praedictus
908 1140 1081 1223 episcopus
1103 1140 1307 1222 Reginaldus
1333 1163 1448 1205 omnes
1470 1153 1591 1207 textus

228 1269 394 1336 sonantes,
417 1259 588 1342 episcopos
615 1280 686 1321 esse
710 1260 874 1341 obligatos
901 1280 958 1323 seu
980 1261 1147 1323 debitores
1173 1262 1215 1323 ad
1243 1271 1355 1326 actum
1382 1263 1523 1327 docendi
1551 1275 1584 1328 et

229 1379 440 1460 praedicandi,
467 1400 511 1442 ex
538 1380 670 1461 proprio
700 1400 760 1442 suo
790 1381 899 1461 capite
928 1379 1078 1462 glosavit,
1102 1381 1215 1444 dicens
1242 1383 1332 1463 quod
1358 1381 1591 1464 intelliguntur¹

229 1499 273 1561 de
305 1499 426 1562 curatis
465 1498 673 1575 immediatis,
707 1519 752 1563 sc.
790 1499 969 1562 rectoribus
1003 1499 1214 1564 ecclesiarum
1248 1501 1494 1583 parochialium,
1526 1505 1583 1584 qui

228 1628 308 1682 tunc
333 1619 536 1682 vocabantur
562 1619 714 1701 episcopi,
741 1628 777 1682 ut
802 1619 871 1700 ipse
897 1620 1070 1702 episcopus
1092 1618 1290 1684 Assavensis
1312 1622 1438 1684 asserit.
1497 1623 1583 1686 Item

230 1738 319 1801 idem
350 1739 523 1822 episcopus
554 1740 660 1802 tenuit
690 1740 778 1821 quod
809 1749 960 1821 tempore
990 1739 1143 1822 Dionysii
1174 1762 1281 1824 papae,
1309 1740 1395 1805 lacta
1425 1741 1585 1806 divisione

228 1857 467 1941 parochiarum,
490 1879 605 1922 omnes
628 1860 772 1942 episcopi
796 1870 958 1923 exuerunt
985 1879 1021 1921 se
1043 1861 1239 1924 auctoritate
1265 1863 1397 1943 propria
1420 1862 1463 1925 ab
1485 1884 1584 1925 onere

228 1978 337 2060 priori,
364 1999 406 2042 sc.
438 1980 481 2042 ab
512 1989 588 2043 actu
619 1980 828 2061 praedicandi,
856 1989 889 2042 et
920 1979 1134 2062 imponebant
1166 1980 1246 2043 illud
1277 2002 1362 2063 opus
1392 1983 1590 2058 rectoribus,

228 2099 319 2180 quod
347 2108 397 2162 est
427 2099 557 2174 salsum,
576 2110 618 2191 ¹et
646 2120 712 2162 non
739 2120 919 2162 consonum
951 2099 1040 2163 sacto
1067 2098 1208 2163 Dionisii
1234 2103 1290 2183 qui
1319 2100 1383 2165 hoc
1414 2121 1480 2165 non
1506 2102 1584 2166 fecit

228 2238 290 2282 nec
313 2218 421 2283 lacere
443 2221 551 2302 potuit
574 2220 738 2284 stantibus
762 2220 903 2302 paribus,
925 2240 969 2283 sc.
993 2220 1152 2283 mandato
1176 2220 1240 2284 Dei
1265 2232 1298 2285 et
1325 2221 1387 2284 illis
1411 2243 1485 2304 quae
1508 2232 1584 2286 sunt

229 2340 410 2403 necessaria
434 2339 641 2404 adsalutem
665 2340 860 2404 animarum.

316 2468 349 2535 [p.
371 2468 441 2537 396]
486 2458 644 2542 Apostoli
674 2481 739 2522 non
766 2460 935 2524 exuebant
966 2480 1002 2522 se
1027 2481 1048 2523 a
1074 2461 1224 2523 doctrina
1252 2461 1342 2523 verbi
1371 2461 1434 2525 Dei
1465 2463 1497 2524 in
1524 2483 1585 2527 sua

228 2580 324 2646 totali
352 2581 483 2658 diocesi,
510 2582 599 2662 quod
627 2589 678 2644 est
707 2591 821 2645 contra
850 2579 1013 2644 novellam
1045 2581 1230 2644 doctrinam
1258 2579 1436 2663 Reginaldi
1464 2582 1587 2657 Pecok,

228 2700 359 2765 Wallici
390 2701 525 2783 origine,
552 2710 630 2765 tunc
661 2696 809 2783 episcopi
836 2700 1035 2764 Assavensis
1066 2711 1099 2764 et
1129 2710 1256 2783 postea,
1277 2699 1501 2779 Cicestrensis,
1527 2703 1588 2785 qui·

228 2843 316 2886 anno
343 2822 403 2886 Xti
429 2836 509 2901 1447
533 2820 596 2886 hoc
621 2822 733 2885 docuit
756 2821 941 2885 Londoniae
965 2821 997 2884 in
1022 2822 1201 2905 perniciem
1225 2822 1367 2904 plurium
1393 2833 1426 2886 et
1450 2843 1585 2890 causam

226 2943 371 3026 plurium
398 2942 570 3006 malorum.

317 3074 344 3140 [p
372 3072 442 3138 401]
487 3062 590 3127 Anno
621 3062 757 3126 Domini
792 3063 1027 3127 incarnacionis
1064 3081 1146 3143 1449
1182 3072 1214 3126 et
1245 3072 1362 3145 postea
1393 3062 1585 3145 praedicavit

229 3184 436 3267 Reginaldus
460 3183 569 3247 Pecok
595 3183 778 3246 Londoniae
809 3184 852 3246 ad
883 3202 1012 3246 crucem
1044 3181 1158 3246 Sancti
1189 3182 1280 3246 Pauli
1311 3184 1461 3264 apostoli,
1493 3184 1583 3264 quod

227 3306 402 3388 episcopus
429 3325 494 3368 non
522 3314 654 3368 tenetur
679 3304 860 3387 praedicare
890 3303 923 3366 in
952 3302 1016 3367 hoc
1046 3304 1136 3384 quod
1168 3314 1218 3366 est
1253 3304 1435 3386 episcopus,
1462 3323 1518 3365 seu
1551 3304 1583 3366 in

226 3436 389 3510 quantum
414 3435 464 3489 est
492 3425 673 3508 episcopus
697 3434 730 3487 et
753 3424 857 3487 eciam
880 3424 969 3505 quod
992 3422 1095 3487 homo
1117 3424 1264 3486 crederet
1296 3423 1417 3487 racioni
1441 3422 1582 3486 naturali

227 3548 459 3633 potiusquam
482 3545 679 3610 auctoritati.
727 3544 772 3608 Et
795 3546 837 3608 de
857 3544 911 3608 die
937 3544 970 3606 in
996 3544 1084 3606 diem
1112 3543 1205 3626 pejus
1229 3554 1262 3607 et
1289 3542 1384 3626 pejus
1412 3552 1489 3607 tunc
1513 3543 1585 3624 epi·,

228 3670 336 3752 scopis
357 3668 495 3749 contigit
514 3667 547 3728 in
563 3663 697 3747 Anglia.
744 3665 822 3728 Non
838 3661 910 3750 (sic)
927 3664 1066 3747 puplicis
1086 3664 1201 3727 officiis
1223 3663 1371 3728 civilibus
1392 3671 1425 3726 et
1445 3663 1583 3727 terrenis

227 3798 392 3866 vacantes,
416 3788 448 3850 in
474 3786 541 3850 suis
565 3784 750 3849 diocesibus
775 3806 891 3868 parum
914 3784 968 3849 vel
988 3784 1113 3847 nullum
1138 3785 1261 3847 bonum
1287 3803 1346 3865 per
1370 3803 1475 3847 annos
1498 3782 1584 3846 fece„

228 3919 306 3973 runt
330 3917 364 3973 et
380 3917 576 3991 suggerente
592 3905 716 3991 populo
730 3905 857 3989 vulgari
879 3908 1053 3989 episcopus
1070 3904 1293 3982 Cicestrensis,
1309 3902 1424 3967 Adam
1440 3902 1582 3981 MulenS,

227 4032 355 4095 occisus
371 4040 450 4094 tunc
466 4029 537 4104 suit,
554 4038 587 4092 et
603 4026 788 4091 Willelmus
804 4026 912 4104 Asku,
928 4027 1101 4109 episcopus
1120 4025 1248 4099 Sarum,
1265 4024 1393 4088 occisus
1413 4023 1475 4087 suit
1495 4033 1583 4101 tunc,

228 4170 270 4215 eo
294 4153 382 4233 quod
410 4150 577 4214 confessor
603 4149 705 4231 Regis
735 4147 869 4211 Henrici
898 4146 995 4211 Sexti
1031 4158 1064 4210 et
1087 4146 1236 4209 delectus
1263 4145 1346 4208 circa
1374 4164 1484 4227 regem
1517 4164 1582 4207 non

229 4271 420 4335 emendavit
444 4290 546 4334 neca
569 4289 646 4352 rege
669 4277 804 4353 propter
829 4267 993 4337 desectum
1018 4266 1261 4331 emendacionis
1285 4266 1425 4347 recessit,
1449 4275 1482 4328 et
1505 4273 1583 4330 ante
