3818 4904
283 367 346 431 216
656 379 754 433 LOCl
781 379 810 431 E
839 379 963 432 LIBRO
1000 380 1260 438 VERITATUM.

284 594 357 676 ‘qui
380 604 413 657 te
435 596 570 659 beatum
596 596 719 675 dicunt,
740 598 802 679 ipsi
827 605 861 660 te
884 596 1073 679 decipiunt.’
1119 597 1196 681 lpse
1219 600 1305 663 enim
1327 599 1446 677 Pecok,
1466 600 1640 684 episcopus

284 712 509 792 Cicestrensis,
532 738 620 781 anno
649 717 785 780 Domini
815 717 894 798 Jesu
925 717 1100 781 millesimo
1125 725 1237 784 ccccmo
1260 721 1537 803 quinquagesimo
1566 741 1640 803 sep·

283 836 374 912 timo,
399 844 432 900 2⁸
456 837 623 901 dominica
653 838 815 901 adventus
844 837 988 914 Domini,
1016 859 1091 921 quae
1122 838 1183 903 fuit
1211 839 1282 922 iiij²⁸
1304 842 1359 905 die
1378 841 1583 921 Decembris,
1606 845 1639 906 in

282 958 462 1038 praesencia
487 956 557 1019 xxti
582 957 671 1020 milia
693 958 875 1034 hominum,
899 959 1051 1021 inductus
1075 958 1107 1021 in
1128 959 1244 1024 habitu
1264 961 1452 1044 episcopali,
1470 963 1514 1025 ad
1537 963 1640 1045 pedes

281 1076 517 1160 archiepiscopi
547 1077 794 1142 Cantuariensis
825 1078 950 1141 domini
978 1078 1120 1141 Thomae
1148 1079 1283 1156 Boucer‚
1310 1091 1344 1144 et
1374 1083 1520 1165 episcopi
1549 1079 1639 1146 Lon·

282 1199 428 1262 dinensis
466 1200 589 1283 Kemp,
620 1210 653 1264 et
691 1201 836 1282 episcopi
876 1199 1042 1263 Roffensis
1081 1200 1171 1276 Low,
1208 1201 1353 1265 doctoris
1390 1202 1423 1264 in
1454 1202 1638 1285 Theologia

282 1319 436 1394 Oxoniae,
461 1331 494 1385 et
519 1321 664 1404 episcopi
692 1321 936 1398 Dunelmensis,
957 1321 1121 1403 abjuravit
1146 1322 1191 1384 ibi
1215 1322 1337 1404 scripta
1361 1343 1421 1385 sua
1447 1333 1481 1387 et
1506 1324 1638 1388 conclu·

280 1443 389 1505 siones
412 1463 489 1505 suas
512 1442 659 1525 scriptas,
675 1441 844 1522 abjuratas
867 1462 926 1523 per
948 1461 1022 1503 eum
1047 1441 1152 1523 pridie
1175 1442 1208 1503 in
1232 1443 1379 1506 manerio
1401 1442 1637 1525 archiepiscopi

281 1561 527 1627 Cantuariensis
550 1564 593 1627 de
611 1561 788 1637 Lamheth‚
813 1562 846 1623 in
866 1561 1045 1644 praesencia
1070 1577 1113 1640 24
1134 1561 1306 1625 doctorum
1333 1562 1365 1624 in
1388 1562 1580 1644 Theologia,
1604 1573 1637 1627 et
1754 1558 1757 1562 ⁴

280 1692 346 1746 tres
370 1704 509 1766 magnos
535 1682 636 1746 libros
660 1703 738 1745 suos
765 1701 928 1755 erroneos,
951 1701 1026 1743 cum
1051 1681 1205 1745 undecim
1230 1681 1303 1745 aliis
1327 1682 1359 1744 in
1381 1684 1550 1764 quaternis
1578 1705 1637 1747 ex·

280 1805 427 1882 istentes,
443 1805 579 1868 tradidit
602 1804 734 1868 cuidam
757 1803 826 1865 viro
850 1802 990 1884 propriis
1014 1802 1175 1880 manibus,
1191 1803 1247 1884 qui
1271 1804 1337 1884 igni
1362 1803 1489 1886 ingenti
1512 1804 1635 1867 ibidem

279 1935 464 2008 praeparato
491 1924 722 2001 committeret,
745 1932 779 1986 et
802 1923 847 1985 sic
873 1921 996 1986 factum
1020 1932 1099 1986 tunc
1126 1922 1187 1986 fuit
1213 1922 1395 1986 Londoniis
1419 1925 1452 1986 in
1476 1925 1636 1988 cimiterio

278 2046 425 2110 ecclesiae
447 2045 644 2110 cathedralis
663 2043 859 2107 sanctissimi
884 2042 985 2117 Pauli,
1002 2042 1146 2124 apostoli
1167 2043 1247 2124 Jesu
1270 2043 1347 2121 Xti;
1370 2054 1404 2108 et
1421 2045 1510 2109 dixit
1530 2045 1634 2109 eciam

279 2167 368 2230 idem
399 2167 573 2249 episcopus
604 2164 712 2228 Pecok
744 2162 884 2245 publice,
915 2161 1102 2246 ‘Superbia
1133 2184 1207 2226 mea
1245 2174 1278 2228 et
1308 2166 1527 2247 praesumpcio
1560 2186 1635 2229 mea

278 2288 482 2350 induxerunt
509 2307 563 2349 me
594 2288 627 2349 in
649 2285 720 2349 haec
750 2282 837 2346 mala
868 2292 901 2346 et
923 2283 1137 2366 opprobria3’
1168 2292 1202 2346 et
1228 2292 1345 2365 postea
1371 2283 1634 2368 archiepiscopus

278 2406 534 2485 cantuariensis,
557 2407 706 2470 Thomas
732 2405 883 2482 Bourcer,
908 2404 1079 2467 mandavit
1102 2423 1177 2466 eum
1200 2405 1243 2468 ad
1270 2404 1451 2480 Madiston,
1471 2405 1633 2486 judicium

276 2537 543 2610 expectaturum.
590 2527 657 2590 Iste
683 2524 792 2589 Pecok
818 2526 1001 2606 episcopus,
1024 2525 1079 2606 qui
1099 2523 1259 2588 Wailicus
1286 2525 1410 2607 origine
1436 2524 1506 2599 fuit,
1529 2547 1634 2608 quon·

277 2652 355 2714 dam
389 2652 495 2714 socius
530 2652 562 2711 in
593 2649 732 2730 collegio
750 2637 806 2710 'de
834 2646 925 2710 Oriel
949 2648 981 2708 in
1011 2645 1154 2722 Oxonia,
1180 2647 1311 2709 vocavit
1343 2647 1376 2708 in
1406 2646 1536 2728 scriptis
1566 2649 1633 2710 suis

277 2773 510 2854 praedicatores
526 2770 683 2854 puplic0s‚
699 2768 895 2832 clamatores
917 2769 949 2829 in
965 2766 1111 2848 pulpitis,
1132 2769 1202 2849 ipse
1223 2769 1310 2830 enim
1333 2768 1506 2850 episcopus
1524 2769 1633 2833 Pecok

275 2906 388 2956 actum
404 2894 614 2974 praedicandi,
632 2902 808 2973 postquam
827 2889 887 2952 fuit
905 2891 1088 2971 episcopus,
1106 2910 1172 2952 non
1187 2889 1429 2971 frequentabat,
1446 2899 1480 2953 et
1497 2892 1632 2972 quando

277 3014 442 3078 revocavit
458 3013 683 3077 conclusiones
702 3032 778 3075 suas
794 3031 946 3074 erroneas
962 3021 996 3074 et
1011 3009 1182 3074 haereticas
1200 3011 1242 3073 ad
1259 3030 1388 3074 crucem
1407 3010 1521 3074 Sancti
1538 3010 1631 3075 Pauli

276 3135 418 3219 apostoli
448 3135 537 3198 fama
567 3134 637 3211 fuit,
671 3135 697 3196 si
731 3134 801 3215 ipse
831 3131 1056 3195 descendisset
1090 3132 1133 3195 ad
1164 3133 1285 3213 ignem,
1318 3131 1351 3192 in
1381 3151 1447 3212 quo
1478 3131 1551 3194 libri
1581 3133 1631 3194 sui

274 3257 561 3334 comburebantur,
577 3254 720 3338 populus
744 3255 787 3316 ibi
809 3272 885 3316 eum
905 3252 1095 3334 projecisset
1115 3253 1148 3314 in
1168 3251 1260 3313 illum
1282 3252 1403 3333 ignem.
1436 3250 1468 3316 Ο
1485 3251 1631 3316 Domine

275 3375 387 3441 Deus!
419 3379 495 3460 ‘qui
521 3376 660 3459 posuisti
691 3385 821 3452 terram,
847 3373 1017 3455 quondam
1043 3371 1255 3451 fructiferam,
1282 3372 1315 3434 in
1342 3371 1543 3453 salsuginem
1570 3393 1630 3455 pro

276 3501 406 3566 malicia
429 3499 654 3564 habitancium
676 3497 708 3559 in
729 3495 786 3570 ea‚'
811 3496 860 3558 P⁰.
875 3494 945 3566 106,
962 3505 998 3558 tu
1020 3497 1084 3558 scis
1106 3494 1227 3573 omnia,
1248 3505 1284 3559 tu
1301 3495 1387 3557 enim
1403 3495 1466 3559 scis
1488 3495 1630 3578 qualiter

275 3625 337 3687 iste
364 3624 451 3687 idem
476 3620 585 3684 Pecok
610 3619 783 3702 episcopus
809 3617 1006 3698 vituperavit
1033 3625 1067 3679 et
1094 3615 1229 3698 indigne
1255 3616 1457 3698 appreciavit
1483 3616 1572 3680 dicta
1595 3626 1629 3681 et

274 3745 396 3826 scripta
422 3751 610 3806 sanctorum
637 3741 810 3804 doctorum
836 3736 950 3802 Sancti
976 3736 1146 3818 Jeronimi,
1171 3736 1284 3802 Sancti
1308 3736 1488 3814 Ambrosii,
1512 3736 1627 3802 Sancti

274 3865 465 3948 Augustini,
490 3863 604 3928 Sancti
628 3861 775 3944 Gregorii
807 3881 912 3943 papae,
939 3870 973 3924 et
1003 3859 1141 3922 aliorum
1172 3869 1360 3922 sanctorum
1386 3868 1419 3922 et
1445 3859 1628 3936 doctorum,

274 3987 362 4050 unde
381 3987 451 4068 ipse
471 3964 675 4067 vituperator
693 3982 823 4045 illorum
843 3991 1031 4045 sanctorum
1052 3981 1170 4044 merito
1188 3980 1437 4061 vituperabatur
1455 4001 1476 4043 a
1495 3979 1628 4043 milibus

273 4108 455 4183 hominum,
479 4115 513 4170 et
538 4127 610 4188 ego,
632 4115 769 4169 vocatus
792 4105 950 4186 magister
972 4102 1122 4166 Thomas
1146 4098 1341 4183 Gascoigne,
1365 4101 1484 4165 doctor
1513 4100 1626 4165 Theo·

273 4231 380 4313 logiae,
398 4239 431 4293 et
450 4228 664 4293 cancellarius
682 4227 835 4305 Oxoniae,
851 4226 950 4290 credo
966 4225 1104 4290 firmiter
1118 4225 1208 4306 quod
1225 4224 1296 4306 ipse
1311 4223 1485 4307 episcopus
1505 4223 1626 4298 Pecok,
