3818 4904
678 436 776 492 LOCI
802 434 831 488 E
861 435 984 489 LIBRO
1020 432 1278 488 VERITATUM.
1598 440 1656 509 157

306 646 455 713 Bononia
479 650 599 714 Crassa
624 650 779 726 existens,
803 649 979 713 concilium
1004 647 1186 711 universale
1209 648 1312 711 totius
1339 647 1485 711 ecclesiae
1512 649 1555 712 ad
1582 649 1660 713 civi·

304 779 409 833 tatem
438 769 733 835 Constanciensem
759 764 909 846 Sweniae,
938 790 1013 852 quae
1044 779 1094 833 est
1125 770 1158 831 in
1189 768 1356 850 provincia
1387 769 1593 851 Maguntina,
1615 771 1659 835 de

305 890 443 954 consilio
466 890 603 955 fratrum
619 910 752 954 suorum
773 889 991 954 cardinalium
1010 888 1212 964 convocavit,
1229 909 1295 970 quo
1311 889 1449 953 concilio
1468 899 1659 969 convocato,

306 1020 340 1074 et
363 1009 516 1090 Johanne
542 1011 575 1073 in
601 1009 657 1074 illo
685 1010 823 1075 concilio
850 1009 1003 1091 deposito
1026 1029 1086 1091 per
1112 1008 1296 1083 concilium,
1319 1007 1380 1072 luit
1405 1011 1558 1073 dominus
1582 1010 1659 1076 Odo

306 1130 431 1193 electus
453 1130 486 1194 in
510 1151 643 1213 papam,
660 1140 695 1195 et
716 1131 898 1193 vocabatur
913 1129 1078 1192 Martinus
1100 1129 1245 1210 quintus.
1279 1127 1372 1192 Ordo
1393 1130 1481 1193 enim
1497 1150 1658 1213 paparum

307 1250 537 1314 Romanorum
568 1260 646 1333 post
677 1252 851 1315 Urbanum
877 1250 933 1332 vjm
963 1259 1014 1314 est
1044 1251 1115 1324 iste,
1148 1250 1336 1314 Bonifacius
1359 1252 1415 1330 ix⁵,
1444 1252 1660 1317 Innocencius

305 1370 372 1452 vij·,
412 1370 591 1454 Gregorius
633 1372 701 1454 xij⁵,
736 1372 934 1435 Alexander
971 1371 1114 1453 quintus,
1151 1370 1321 1451 Johannes
1360 1389 1409 1454 23,
1450 1373 1483 1436 in
1520 1373 1660 1438 concilio

306 1491 451 1574 generali
480 1491 689 1557 Constanciae
717 1493 896 1574 depositus,
922 1491 1086 1554 Martinus
1116 1492 1261 1574 quintus,
1290 1492 1459 1576 Eugenius
1481 1493 1573 1575 iiijm,
1599 1495 1661 1558 Ni·

307 1611 442 1676 cholaus
473 1613 616 1694 quintus,
643 1613 699 1694 qui
730 1612 791 1676 suit
822 1614 940 1676 doctor
969 1631 1070 1675 sacrae
1093 1611 1288 1695 Theologiae
1315 1624 1349 1678 et
1374 1615 1556 1679 vocabatur
1581 1626 1661 1679 ante

307 1741 467 1815 papatum
498 1732 647 1796 Thomas
680 1733 723 1796 de
755 1732 953 1814 Sayrasano,
988 1734 1031 1795 de
1066 1732 1230 1796 territorio
1259 1732 1485 1813 Jannensium,
1522 1755 1661 1817 magnus

309 1853 429 1916 Romae
456 1852 645 1931 aedificator,
669 1854 721 1918 cui
745 1852 902 1917 successit
927 1852 1072 1918 Calistus
1096 1861 1137 1936 3⁸,
1164 1873 1263 1934 quem
1288 1853 1431 1917 Romani
1453 1866 1573 1919 vocant
1597 1854 1661 1919 Ca·

307 1973 430 2050 listum‚
456 1983 489 2036 et
513 1972 686 2038 Teutonici
709 1982 831 2037 vocant
858 1993 934 2036 eum
957 1970 1139 2037 Calixtum.
1186 1972 1342 2038 Clemens
1364 1986 1477 2039 autem
1501 1964 1662 2057 septimus

309 2093 434 2158 electus
472 2093 558 2157 male
589 2095 622 2156 in
655 2113 777 2175 papam
808 2101 959 2174 tempore
989 2092 1118 2157 Urbani
1149 2095 1247 2171 sexti,
1280 2104 1315 2158 et
1352 2095 1457 2160 eciam
1495 2115 1663 2160 successor

308 2215 388 2297 ejus,
417 2214 533 2278 Petrus
559 2214 602 2278 de
628 2214 734 2290 Luna,
756 2224 893 2278 vocatus
916 2214 1116 2277 Benedictus
1142 2214 1212 2296 xiij,
1240 2214 1372 2279 suerunt
1397 2217 1573 2299 antipapae,
1602 2217 1620 2280 i.
1633 2238 1661 2280 e.

308 2336 462 2400 contrarii
485 2355 563 2398 vero
586 2355 682 2416 papae
711 2335 875 2398 Romano.
920 2333 1012 2398 Nota
1038 2355 1098 2416 pro
1121 2336 1260 2398 veritate
1286 2336 1515 2415 praedictorem
1542 2337 1662 2400 librum

309 2456 364 2520 De
380 2455 492 2520 Gestis
515 2457 549 2519 in
570 2456 717 2537 generali
741 2454 879 2519 concilio
896 2453 1156 2530 Constanciensi,
1173 2466 1207 2519 et
1229 2467 1280 2520 est
1300 2456 1453 2532 Oxoniae‚
1471 2459 1504 2520 in
1523 2457 1662 2539 collegio

310 2575 497 2653 Dunelmae,
520 2597 564 2639 ex
587 2577 677 2640 dono
700 2576 848 2658 magistri
872 2575 1012 2639 Roberti
1036 2576 1171 2655 Burton,
1188 2578 1243 2658 qui
1270 2576 1331 2640 luit
1357 2598 1501 2660 praesens
1527 2576 1560 2641 in
1586 2598 1663 2642 con·

309 2696 385 2760 cilio
406 2696 551 2780 generali
576 2694 837 2761 Constanciensi.

397 2825 523 2893 [p.171.]
569 2816 626 2881 Sic
653 2837 765 2880 revera
788 2816 868 2899 jam,
898 2836 986 2880 anno
1013 2815 1150 2880 Domini
1176 2832 1266 2896 1447,
1296 2825 1347 2880 est
1372 2817 1479 2880 bonus
1506 2839 1602 2900 papa,
1630 2828 1665 2881 et

309 2947 410 3020 caput
441 2937 527 3012 cleri,
559 2936 744 3002 Nicholaus
773 2938 917 3020 quintus,
947 2939 1065 3001 doctor
1093 2958 1194 3001 sacrae
1221 2936 1424 3021 Theologiae,
1457 2938 1599 3015 Italicus,
1630 2949 1665 3002 et

309 3057 465 3123 secularis
491 3057 617 3138 habitu,
642 3070 676 3123 et
701 3059 758 3122 diu
783 3057 922 3122 ecclesia
947 3078 985 3121 se
1010 3061 1183 3122 excusavit
1208 3059 1251 3122 de
1276 3054 1371 3122 malis
1394 3067 1530 3141 propter
1555 3059 1664 3123 desec-

310 3190 383 3243 tum
413 3180 491 3243 boni
522 3180 640 3262 capitis
671 3181 704 3243 in
736 3180 824 3244 curia
856 3179 1021 3242 Romana.
1076 3178 1113 3243 Si
1140 3200 1218 3261 ergo
1239 3180 1310 3260 jam
1337 3200 1403 3244 non
1434 3179 1493 3243 fiat
1522 3179 1665 3262 plurium

311 3300 472 3364 malorum
496 3301 694 3379 resormati0,
720 3311 819 3384 putas
849 3301 984 3384 quando
1005 3300 1125 3378 veniet,
1148 3302 1193 3363 ‘si
1218 3300 1250 3364 in
1272 3301 1366 3364 viridi
1390 3297 1494 3383 ligno’
1517 3321 1583 3364 non
1606 3299 1666 3364 fiat

311 3422 444 3501 fructus,
466 3424 655 3504 ‘quomodo
678 3423 711 3486 in
729 3422 823 3485 arido
846 3419 940 3485 fret?’
967 3431 1002 3486 et
1025 3420 1117 3484 illum
1140 3442 1262 3504 papam
1288 3421 1488 3487 Nicholaum
1512 3423 1665 3503 quintum

312 3542 389 3606 novi
420 3553 588 3607 mortuum
612 3544 731 3607 Romae
762 3565 805 3607 ex
837 3542 998 3607 relacione
1029 3542 1137 3621 luisse,
1159 3542 1231 3607 sine
1261 3542 1494 3608 reformatione
1518 3541 1666 3606 ecclesiae

312 3673 346 3728 et
368 3664 494 3746 absque
518 3665 750 3729 reformatione
772 3664 870 3729 curiae
888 3665 1061 3728 Romanae.
1109 3662 1263 3728 Creditur
1283 3665 1370 3728 enim
1389 3685 1449 3748 pro
1463 3684 1552 3738 ver0,
1576 3662 1665 3745 quod

312 3784 341 3850 si
371 3784 490 3866 aliquis
524 3806 612 3868 papa
641 3786 783 3850 voluerit
813 3785 923 3849 delere
953 3785 1018 3864 illa,
1048 3806 1092 3849 ex
1121 3785 1242 3868 quibus
1271 3785 1419 3867 sequitur
1447 3783 1602 3865 voluptas
1632 3784 1666 3846 in

314 3908 404 3970 curia
428 3906 592 3985 Romana,
620 3916 654 3971 et
680 3906 911 3970 habundancia
937 3907 1160 3989 pecuniarum,
1183 3915 1262 3970 tunc
1289 3926 1377 3988 papa
1399 3926 1459 3988 per
1483 3904 1545 3968 sibi
1569 3904 1667 3968 assis·

313 4035 423 4091 tentes
448 4027 510 4090 erit
536 4028 664 4109 private
688 4028 897 4105 intoxicatus,
923 4027 975 4090 vel
1003 4027 1135 4109 publice
1164 4025 1364 4102 interfectus,
1386 4025 1439 4089 vel
1462 4046 1483 4089 a
1505 4025 1584 4090 sede
1607 4044 1667 4088 sua

314 4147 449 4230 ejectus,
474 4156 512 4210 ut
534 4147 595 4211 luit
620 4147 789 4231 Eugenius
814 4168 911 4231 papa,
935 4148 1157 4230 praedecessor
1178 4147 1331 4212 Nicholai
1358 4147 1474 4230 quinti,
1497 4166 1557 4229 per
1578 4146 1668 4229 prin·

315 4269 423 4351 cipem
463 4267 632 4348 Salemiae,
668 4279 703 4334 et
739 4290 799 4353 per
835 4270 991 4352 juvenem
1030 4270 1240 4347 cardinalem,
1270 4280 1348 4333 tunc
1387 4268 1582 4351 Prosperum
1624 4267 1667 4331 de
