3818 4904
309 392 369 460 154
682 393 781 447 LOCI
807 393 835 446 E
865 392 989 447 LIBRO
1025 383 1286 450 VERJTATUM.

311 619 376 663 non
399 623 497 668 omne
521 607 609 687 quod
634 617 684 670 est
703 607 843 670 volitum
862 627 960 689 super
982 617 1102 672 terram
1126 617 1176 671 est
1196 608 1334 673 volitum
1358 609 1391 671 in
1415 610 1510 672 coelo.
1546 610 1662 693 Aliqui

312 722 401 786 enim
428 727 565 792 credunt
586 728 675 810 quod
699 729 788 792 curia
815 729 969 793 Romana
992 739 1043 792 est
1066 728 1112 791 ita
1137 729 1258 811 cupida
1279 731 1369 810 quod
1393 729 1420 792 si
1443 750 1531 813 papa
1555 742 1662 813 neget,

311 841 365 906 vel
395 866 461 909 non
490 848 570 913 velit
600 849 714 928 facere,
744 871 805 914 nec
835 850 1016 913 concedere
1046 849 1103 913 illa
1133 870 1177 912 ex
1207 851 1327 932 quibus
1357 853 1505 933 sequitur
1535 852 1662 916 lucrum

311 968 499 1044 curtesanis,
528 971 616 1052 quod
648 980 725 1034 tunc
751 970 896 1033 officiarii
923 980 958 1033 et
987 971 1152 1034 curtesani
1180 971 1289 1052 ipsum
1317 991 1439 1053 papam
1466 972 1662 1038 interficient

310 1086 451 1167 publice,
473 1091 525 1153 vel
548 1092 779 1156 intoxicabunt
800 1112 876 1154 eum
899 1091 942 1154 ad
966 1100 1107 1154 mortem
1131 1091 1268 1155 occulte.
1315 1092 1404 1156 Infra
1427 1115 1550 1176 paucos
1573 1094 1662 1157 enim

310 1226 415 1271 annos
439 1211 702 1277 intoxicaverunt
725 1212 959 1276 Alexandrum
982 1232 1114 1294 papam,
1133 1222 1167 1275 et
1193 1213 1296 1276 eciam
1319 1213 1507 1297 Eugenium
1528 1235 1661 1297 papam,

311 1336 348 1391 ut
370 1330 549 1396 dicebatur.
595 1334 648 1397 De
663 1332 862 1397 Alexandro
885 1333 1059 1396 constabat
1080 1335 1170 1414 quod
1186 1333 1356 1414 Johannes
1377 1355 1466 1417 papa
1488 1352 1528 1416 23
1552 1336 1661 1417 ipsum

307 1447 542 1517 Alexandrum
566 1455 739 1518 intoxicari
762 1453 848 1530 fecit,
869 1463 905 1516 ut
928 1454 1000 1534 ipse
1021 1452 1193 1535 Johannes
1217 1465 1305 1518 esset
1334 1475 1442 1537 papa3
1474 1465 1507 1519 et
1530 1456 1576 1519 sic
1599 1455 1662 1519 suit

307 1592 395 1653 papa
416 1573 540 1638 electus
563 1595 622 1656 per
644 1574 845 1639 cardinales:
870 1584 903 1637 et
925 1583 1043 1656 postea
1065 1573 1154 1637 idem
1170 1573 1347 1655 Johannes,
1364 1576 1398 1638 in
1416 1577 1555 1640 concilio
1572 1575 1661 1641 Con·

306 1694 491 1773 stanciensi‚
514 1695 576 1760 fuit
600 1695 771 1778 depositus
790 1716 811 1758 a
830 1704 955 1777 papatu
977 1695 1010 1756 in
1031 1704 1209 1776 perpetuos
1231 1715 1385 1774 carceres,
1403 1717 1463 1778 per
1485 1697 1660 1761 concilium

305 1814 385 1879 illud
419 1817 581 1898 generale,
616 1828 649 1881 et
679 1827 796 1898 postea
825 1815 936 1880 fractis
966 1835 1025 1896 per
1055 1836 1132 1878 eum
1163 1816 1353 1891 carceribus,
1380 1817 1545 1881 Martinus
1573 1838 1662 1899 papa

304 1937 440 2018 quintus
464 1958 540 2002 eum
564 1938 641 2002 fecit
664 1936 865 2001 cardinalem
891 1936 977 2000 circa
1006 1935 1128 2000 sestum
1152 1937 1334 2001 nativitatis
1359 1936 1474 2002 Sancti
1498 1937 1661 2020 Johannis

305 2056 475 2140 Baptistae,
499 2069 533 2123 et
559 2060 592 2123 in
618 2058 703 2124 sesto
727 2058 908 2122 nativitatis
931 2057 1068 2121 Domini
1095 2067 1212 2140 postea
1239 2069 1399 2141 sequente
1425 2069 1576 2124 mortuus
1598 2069 1660 2134 est,

303 2186 338 2241 et
358 2178 507 2259 sepultus
528 2179 714 2257 Florentiae,
731 2178 941 2242 Lumbardus
962 2178 1051 2241 enim
1072 2178 1133 2242 fuit
1155 2179 1338 2243 nativitate.
1386 2180 1548 2244 Romanis
1570 2181 1660 2245 enim

303 2297 417 2363 innata
447 2309 497 2364 est
529 2301 701 2383 cupiditas,
732 2300 873 2364 testibus
911 2298 1054 2364 historiis
1085 2297 1210 2362 Graecis
1240 2309 1274 2363 et
1305 2299 1442 2374 Latinis,
1473 2310 1511 2365 ut
1547 2301 1660 2365 scribit

304 2417 447 2485 Sanctus
468 2421 657 2502 Jeronimus
678 2442 776 2504 super
797 2421 855 2483 illo
878 2429 974 2485 textu
998 2420 1118 2497 Ysaiae,
1140 2421 1302 2503 ‘Repleta
1325 2430 1377 2485 est
1399 2432 1487 2486 terra
1510 2420 1660 2504 argento'

303 2562 363 2625 pro
394 2543 576 2626 cupiditate
605 2544 763 2625 pecuniae.
808 2542 948 2624 Prosper
977 2541 1020 2604 de
1051 2538 1232 2620 Columnis,
1262 2542 1437 2605 cardinalis
1468 2542 1597 2620 Romae,
1626 2552 1659 2607 et

303 2686 408 2749 nepos
439 2666 575 2731 Martini
610 2665 724 2747 quinti,
758 2663 934 2727 insurrexit
969 2673 1084 2727 contra
1118 2685 1241 2746 papam
1272 2664 1460 2746 Eugenium
1495 2672 1659 2747 quartum,

302 2807 380 2851 cum
404 2809 470 2869 quo
491 2787 553 2851 fuit
574 2785 757 2862 cardinalis
781 2794 814 2848 et
838 2785 871 2846 in
899 2785 953 2847 die
974 2782 1089 2848 Sancti
1114 2783 1263 2867 Gregorii
1285 2784 1488 2848 intraverunt
1512 2785 1658 2850 Romam

301 2908 356 2990 viij
381 2909 471 2972 milia
494 2917 704 2984 armatorum,
727 2907 770 2969 ad
794 2904 1012 2968 occidendum
1036 2924 1160 2986 papam
1185 2905 1382 2987 Eugenium,
1407 2926 1482 2970 cum
1509 2905 1659 2988 principe

303 3025 463 3091 Salemiae
490 3027 589 3091 fratre
615 3026 765 3108 praedicti
791 3023 951 3106 Prosperi.
1006 3024 1172 3088 Martinus
1195 3024 1284 3088 enim
1311 3025 1445 3106 quintus
1468 3025 1562 3089 dedit
1584 3025 1657 3107 plu-

302 3513 376 3577 nius
412 3513 552 3595 privavit
588 3511 680 3574 illum
711 3509 906 3591 Prosperum
937 3529 957 3570 a
991 3507 1204 3586 cardinalatu,
1239 3495 1273 3572 et
1307 3508 1351 3571 ab
1385 3506 1655 3573 archidiaconatu

303 3632 541 3711 Cantuariensi,
563 3653 663 3715 quem
693 3628 748 3693 ille
778 3628 954 3694 cardinalis
979 3626 1097 3691 habuit
1127 3629 1160 3691 in
1187 3628 1421 3692 commendam
1448 3627 1482 3690 in
1505 3626 1655 3710 Anglia3

300 3764 335 3819 et
357 3765 444 3833 tunc,
460 3761 600 3818 vacante
623 3750 892 3816 archidiaconatu
913 3747 1081 3832 praedicto,
1097 3748 1251 3812 dominus
1273 3747 1539 3831 archiepiscopus
1561 3748 1655 3812 Hen-

300 3877 386 3942 ricus
403 3875 561 3943 Chichele
579 3874 672 3939 dedit
693 3871 785 3936 illum
800 3871 1102 3936 archidiaconatum
1123 3871 1237 3953 nepoti
1257 3891 1317 3933 suo
1338 3869 1498 3952 magistro
1513 3867 1655 3933 Thomae

303 3997 469 4076 Chichele,
483 3997 610 4063 doctori
626 3996 709 4078 juris
724 3994 872 4059 canonici
885 4019 893 4072 ;
917 4002 951 4057 et
966 4002 1053 4072 tunc,
1069 3992 1236 4057 instanciis
1257 4000 1290 4055 et
1307 4002 1397 4056 metu
1415 3992 1654 4069 Romanorum,

299 4250 336 4304 et
365 4241 398 4303 in
427 4240 540 4304 omnia
570 4237 728 4307 beneficia
758 4237 878 4319 quibus
910 4257 986 4300 eum
1016 4245 1115 4300 antea
1145 4235 1351 4317 privaverat3
1382 4235 1440 4299 sed
1475 4232 1655 4315 praedictus
