3818 4904
304 394 363 474 176
675 399 774 454 LOCI
799 397 829 451 E
856 398 982 454 LIBRO
1015 400 1274 457 VERITATUM.

300 618 428 682 doctori
450 616 591 679 Thomae
615 614 760 692 Eborall,
783 636 822 677 ea
845 615 1041 693 intencione,
1064 627 1100 680 ut
1124 618 1202 699 ipse,
1226 620 1338 699 apcior
1364 638 1417 680 me
1443 617 1485 680 ad
1513 617 1652 680 circum·

299 739 446 803 eundum
476 746 510 799 et
540 735 786 818 praedicandum
818 736 851 798 in
881 736 1003 799 diocesi
1034 737 1244 816 Eboracensi,
1275 739 1398 801 ibidem
1432 748 1580 802 maneret
1616 748 1651 802 et

299 860 501 943 praedicaret,
528 853 642 941 (quem
669 857 838 918 doctorem
863 866 980 939 postea
1002 860 1140 921 retraxit
1161 861 1204 922 ab
1231 859 1287 922 illa
1308 880 1385 924 cura
1410 880 1471 941 per
1497 879 1574 922 eum
1600 879 1650 921 re·

299 989 397 1062 cepta
423 981 540 1042 doctor
566 977 727 1039 Ricardus
759 977 867 1054 Prate,
897 977 1071 1059 episcopus
1102 977 1351 1064 Cicestriensis)
1380 980 1557 1061 multiplex
1588 980 1650 1042 im·

299 1101 527 1184 pedimentum
557 1098 618 1161 luit
648 1098 738 1179 quod
776 1118 841 1160 non
872 1099 1038 1162 circumivi
1076 1100 1288 1181 praedicando
1318 1100 1455 1163 verbum
1492 1100 1579 1176 vitae,
1611 1109 1649 1162 ut

297 1222 397 1286 volui.
448 1220 480 1284 Ο
508 1220 652 1282 Domine
679 1216 779 1298 Jesul
810 1238 908 1300 parce
932 1219 965 1281 in
997 1221 1196 1283 remittendo
1226 1241 1300 1302 quae
1332 1221 1445 1295 merui,
1478 1231 1511 1284 et
1540 1221 1648 1284 omnis

298 1343 432 1425 spiritus
460 1341 574 1404 laudet
597 1340 708 1402 Deum
733 1359 862 1420 semper
887 1360 946 1421 pro
976 1340 1072 1402 donis
1097 1341 1174 1416 suis,
1201 1340 1294 1421 cujus
1315 1343 1425 1423 gracia
1452 1361 1511 1404 nec
1535 1341 1649 1422 optavi

193 1492 200 1503 ·
298 1484 359 1527 nec
385 1463 490 1543 recepi
516 1460 687 1523 licenciam
712 1479 732 1521 a
758 1479 846 1541 papa
874 1461 916 1522 ad
943 1459 1134 1523 habendum
1164 1461 1387 1542 pluralitatem
1412 1481 1472 1524 nec
1503 1462 1569 1524 duo
1599 1461 1650 1523 in·

297 1580 530 1665 compatibilia.
576 1578 633 1642 Ad
657 1579 746 1661 quod
774 1578 862 1641 enim
886 1590 1094 1661 acceptarem
1119 1578 1351 1661 pluralitatem,
1374 1580 1491 1643 videns
1514 1590 1649 1644 sanctos

297 1713 331 1768 et
363 1712 459 1785 aptos
490 1701 678 1764 sacerdotes
710 1699 848 1762 transire
880 1699 950 1762 sine
985 1697 1221 1781 singularitate,
1251 1701 1272 1763 i.
1288 1722 1315 1765 e.
1345 1699 1457 1783 aliquo
1486 1699 1649 1764 beneficio

297 1819 538 1887 ecclesiastico?
581 1819 660 1882 Vidi
682 1819 715 1880 in
730 1819 846 1881 diebus
868 1820 948 1882 meis
963 1819 1060 1882 valde
1083 1820 1263 1884 dolendum
1279 1822 1364 1884 inter
1383 1820 1525 1903 plurima
1548 1821 1646 1895 mala,

297 1965 372 2026 quae
408 1944 440 2004 in
471 1941 598 2022 Anglia
627 1939 834 2002 inundabant
864 1948 898 2002 et
932 1939 1234 2022 multiplicabantur
1266 1941 1299 2004 in
1328 1950 1478 2022 tempore
1510 1940 1646 2005 Henrici

296 2063 327 2147 5i
356 2074 391 2128 et
421 2062 459 2140 ὀί,
489 2063 579 2144 quod
610 2061 729 2125 diversi
764 2061 889 2123 domini
924 2071 958 2124 et
987 2062 1117 2142 patroni
1151 2062 1398 2125 constituebant
1433 2071 1576 2126 rectores
1612 2071 1647 2125 et

295 2185 433 2249 vicarios
459 2195 493 2247 et
517 2181 671 2264 praelatos
698 2183 731 2243 in
757 2180 829 2258 hoc,
853 2183 942 2262 quod
968 2190 1146 2263 potuerunt
1172 2182 1235 2245 sibi
1258 2183 1337 2265 ipsis
1359 2183 1512 2259 dominis,
1527 2192 1565 2247 ut
1588 2203 1647 2264 per

296 2327 353 2369 eos
375 2305 571 2380 sacerdotes,
593 2303 626 2365 in
645 2300 811 2365 beneficiis
833 2322 889 2364 seu
915 2302 947 2362 in
973 2303 1058 2365 curis
1080 2303 1187 2384 positi,
1211 2303 1290 2384 ipsis
1312 2303 1455 2366 dominis
1478 2303 1646 2377 servirent,

296 2434 331 2505 et
356 2427 566 2490 attenderent
589 2424 716 2487 actibus
741 2423 797 2504 qui
824 2422 956 2505 placent
979 2421 1043 2485 illis
1069 2423 1221 2500 dominis,
1243 2424 1298 2504 qui
1323 2444 1378 2487 eos
1406 2425 1646 2506 promovebant

295 2547 409 2630 pocius
439 2566 539 2627 quam
570 2544 698 2607 actibus
728 2563 810 2625 quos
844 2542 1007 2606 Dominus
1031 2543 1124 2606 Deus
1154 2544 1293 2625 imperat
1327 2543 1396 2607 fieri
1426 2545 1470 2608 ad
1503 2544 1646 2607 salutem

295 2667 479 2730 animarum
506 2686 566 2747 per
594 2666 790 2740 sacerdotes,
816 2672 849 2726 et
875 2683 935 2744 per
964 2674 1142 2744 promotos,
1167 2673 1200 2726 et
1230 2663 1402 2727 officiarios
1432 2665 1465 2726 in
1496 2665 1646 2728 ecclesia.

295 2786 357 2849 Vae
387 2786 450 2849 illis
479 2787 626 2868 patronis
656 2793 689 2847 et
721 2783 925 2858 electoribus,
952 2784 1008 2864 qui
1039 2794 1166 2866 ponunt
1192 2785 1395 2848 mundanam
1424 2764 1584 2848 lestucam
1611 2785 1646 2847 in

294 2907 402 2970 officio
429 2928 487 2969 seu
514 2907 546 2967 in
571 2905 716 2969 ecclesiae
743 2925 828 2982 cura,
852 2904 908 2985 qui
938 2913 1116 2986 potuerunt
1141 2904 1291 2968 ordinare
1322 2914 1355 2968 et
1383 2905 1506 2987 erigere
1536 2906 1569 2968 in
1592 2925 1645 2969 ec-

294 3027 393 3091 clesia
415 3027 505 3090 vivas
527 3025 739 3108 columpnas!

381 3157 419 3224 [p.
439 3156 508 3223 306]
553 3148 680 3212 Doctor
705 3147 872 3210 Robertus
902 3146 1109 3210 Grosseteste
1135 3156 1271 3210 vocatur
1300 3146 1453 3210 dominus
1477 3145 1646 3210 Lincolni-

293 3268 390 3345 ensis,
420 3270 499 3351 quia
528 3269 589 3333 luit
622 3269 791 3350 quondam
822 3269 996 3350 episcopus
1026 3267 1275 3346 Lincolniensis,
1306 3276 1343 3331 ut
1372 3277 1551 3348 antequam
1581 3267 1645 3331 suit

294 3389 469 3472 episcopus
506 3390 567 3453 luit
604 3388 853 3452 archidiaconus
883 3387 1071 3466 Lacestriae,
1102 3396 1135 3451 et
1166 3389 1284 3451 doctor
1320 3408 1421 3451 sacrae
1450 3387 1644 3470 Theologiae

295 3509 460 3589 Oxoniae3
491 3519 528 3574 ut
554 3531 616 3593 ego
639 3509 707 3572 vidi
733 3509 892 3591 scriptum
916 3529 1016 3572 manu
1041 3530 1100 3571 sua
1122 3510 1254 3591 propria
1280 3509 1382 3590 ipsius
1411 3509 1537 3572 domini
1563 3508 1645 3571 Lin-

293 3631 476 3709 colniensis,
507 3630 563 3714 qui
596 3630 658 3694 luit
690 3650 816 3711 pauper
850 3629 976 3712 origine
1012 3651 1069 3692 seu
1105 3650 1149 3692 ex
1182 3629 1356 3693 nativitate
1390 3650 1458 3708 sua,
1488 3630 1548 3693 sed
1583 3649 1643 3711 pro

293 3762 408 3817 sancta
436 3754 504 3817 vita
533 3751 612 3834 ejus,
643 3760 677 3815 et
708 3772 828 3834 magna
859 3751 928 3832 ejus
958 3752 1103 3829 scientia,
1134 3751 1194 3814 luit
1224 3751 1338 3828 lactus,
1368 3750 1529 3814 instancia
1558 3750 1643 3833 regis

293 3872 437 3957 Angliae‚
455 3874 629 3956 episcopus
652 3872 844 3951 Lincolniae,
866 3873 924 3936 sed
948 3873 1105 3954 completi
1128 3881 1205 3936 sunt
1227 3872 1307 3949 dies,
1329 3890 1374 3935 sc.
1399 3870 1455 3949 illi,
1476 3871 1554 3954 quia
1577 3891 1643 3934 non

294 4005 345 4059 est
368 4016 454 4060 nunc
476 3997 560 4060 sicut
583 4005 661 4059 tunc
684 3995 766 4073 suit3
797 4016 874 4059 nam
900 3995 1045 4058 Henrico
1065 3993 1123 4076 vj²⁰
1144 3995 1275 4057 dicente
1298 4002 1332 4057 et
1355 4001 1524 4075 quaerente
1545 4014 1568 4057 a
1588 4012 1643 4056 me

293 4118 383 4198 apud
411 4116 565 4181 Castrum
591 4138 687 4181 suum
712 4116 920 4201 Wyndsore:
956 4114 1108 4199 ‘Quare’
1134 4116 1240 4197 inquit
1263 4135 1332 4193 rex,
1356 4120 1442 4178 ‘non
1469 4114 1549 4179 estis
1573 4135 1642 4193 vos,

292 4240 410 4303 doctor
425 4238 607 4324 Gascoyne,
622 4240 794 4324 episcopus
804 4237 830 4301 ?’
853 4250 886 4305 et
909 4259 971 4322 ego
994 4237 1148 4321 respondi
1169 4236 1240 4313 sibi,
1256 4235 1434 4316 ‘Domine,
1449 4236 1524 4302 dico
1539 4234 1642 4316 vobis,
