3818 4904
681 436 781 491 LOCI
805 436 836 489 E
864 436 988 492 LIBRO
1023 439 1281 495 VERITATUM.
1630 449 1650 515 3

386 654 427 724 [p.
446 658 500 724 38.]
538 651 625 716 Cum
650 663 724 718 tum
751 653 861 717 evidet
891 674 935 716 ex
966 655 1094 737 magnis
1125 656 1299 720 evidenciis
1323 657 1413 738 quod
1437 654 1547 738 plures
1571 666 1649 721 sunt

298 784 409 847 poenae
435 770 558 837 debitae
584 775 617 837 in
640 774 765 856 judicio
791 775 855 838 Dei
881 796 942 856 pro
969 777 1113 858 peccatis
1139 798 1215 859 quae
1240 776 1458 860 indulgenciae
1484 796 1649 841 concessae

298 906 320 950 a
341 908 430 972 papa
453 913 513 957 nec
535 894 657 960 tollunt
680 916 740 960 nec
760 917 894 978 quoquo
918 899 1018 960 modo
1039 897 1155 962 tollere
1176 910 1323 981 possunt.

385 1012 496 1088 [μμ]
535 1016 620 1080 Haec
647 1018 804 1101 magister
829 1018 975 1098 Joannes
1003 1018 1084 1082 Scot
1110 1020 1234 1082 ordinis
1260 1020 1396 1084 fratrum
1424 1020 1587 1082 minorum
1613 1029 1648 1083 et

296 1130 414 1196 doctor
428 1145 552 1200 sanctae
567 1138 752 1221 theologiae,
769 1148 865 1202 natus
881 1140 913 1202 in
929 1138 1007 1203 villa
1021 1150 1139 1204 vocata
1154 1141 1249 1203 Duns
1265 1140 1299 1202 in
1316 1140 1414 1204 Boria
1429 1139 1572 1222 Angliae.

385 1261 426 1328 [p.
442 1264 498 1330 55·]
528 1264 776 1334 Appropriaoio
795 1269 830 1322 et
850 1280 919 1322 non
938 1266 1137 1323 rosidonoia.
1180 1258 1297 1342 Aliqui
1319 1279 1487 1342 nunquam
1502 1257 1554 1321 vel
1574 1278 1650 1322 raro

297 1372 443 1440 resident
467 1376 500 1440 in
526 1379 593 1441 suis
616 1379 710 1457 curis,
735 1389 769 1442 et
794 1378 850 1442 ille
872 1380 924 1443 cui
951 1380 1088 1443 ecclesia
1114 1389 1165 1444 est
1190 1379 1411 1462 appropriata,
1439 1387 1473 1442 et
1499 1377 1563 1457 ille,
1590 1378 1647 1461 qui

298 1511 365 1556 non
380 1496 503 1562 residet
518 1497 552 1561 in
568 1519 615 1577 ea,
630 1497 732 1562 semel
748 1499 782 1561 in
802 1519 890 1562 anno
905 1500 994 1564 venit
1015 1501 1057 1564 ad
1079 1520 1200 1577 curam,
1216 1498 1268 1563 vel
1290 1499 1392 1563 mittit
1409 1499 1454 1562 ad
1474 1498 1646 1563 ecclesiam

298 1612 332 1676 in
358 1613 424 1678 fine
452 1618 635 1700 autumpni,
658 1629 692 1683 et
718 1619 856 1701 impleta
879 1619 978 1682 bursa
1002 1639 1062 1682 sua
1087 1619 1242 1702 pecuniis,
1265 1629 1299 1683 et
1328 1618 1470 1683 venditis
1498 1619 1646 1693 decimis,

297 1734 421 1799 recedit
444 1735 543 1819 longe
566 1759 586 1802 a
609 1759 686 1803 cura
709 1760 769 1803 sua
789 1741 823 1803 in
847 1740 969 1804 curiam
995 1739 1029 1801 in
1052 1759 1118 1821 qua
1138 1747 1237 1803 vacat
1259 1736 1349 1802 lucro
1371 1747 1405 1802 et
1427 1734 1570 1816 deliciis3
1604 1740 1648 1802 de

294 1874 363 1936 quo
386 1855 596 1921 verificantur
616 1860 717 1923 verba
746 1861 868 1942 scripta
893 1880 953 1942 per
975 1858 1190 1924 Salamonem
1216 1851 1464 1941 proverbiorum
1492 1855 1534 1938 7⁰,
1560 1860 1646 1921 ‘non

295 1984 348 2038 est
367 1975 417 2038 vir
430 1975 465 2038 in
486 1976 587 2041 domo
607 2000 676 2054 sua,
693 1981 774 2044 abiit
788 1981 841 2044 via
857 1979 1056 2062 longissima,
1072 1978 1238 2043 sacculum
1256 1977 1405 2060 pecuniae
1427 1997 1539 2041 secum
1558 1976 1646 2053 tulit,

296 2095 330 2157 in
352 2094 407 2160 die
429 2095 537 2178 plenae
559 2097 646 2162 lunae
668 2097 868 2164 reversurus’
891 2101 910 2165 i.
920 2121 948 2163 e.
971 2100 1004 2162 in
1027 2110 1210 2181 autumpno
1237 2098 1370 2180 quando
1395 2106 1447 2161 est
1472 2097 1647 2180 plenitudo

296 2214 482 2295 fructuum3
507 2219 655 2299 ...Jam
678 2221 766 2284 enim
789 2222 822 2284 in
841 2220 968 2303 Anglia
990 2220 1087 2302 periit
1109 2240 1187 2284 cura
1206 2219 1390 2282 animarum
1412 2238 1472 2301 per
1491 2216 1645 2281 ecclesias

294 2337 534 2418 appropriatas,
558 2348 592 2403 et
614 2361 675 2422 per
696 2361 763 2404 non
785 2341 1000 2406 residenciam
1026 2349 1214 2405 curatorum
1236 2346 1271 2402 et
1296 2336 1507 2420 prelatorum,
1530 2346 1564 2401 et
1586 2358 1648 2420 per

296 2454 506 2539 indignorum
536 2460 783 2540 promocionem
812 2470 847 2526 et
873 2481 933 2544 per
954 2458 1161 2543 pluralitates
1190 2457 1425 2522 beneficiorum
1455 2478 1512 2520 seu
1544 2455 1646 2520 male-

295 2574 453 2655 ficiorum,
469 2587 503 2642 et
518 2599 577 2661 per
591 2581 769 2663 pessimam
791 2581 1005 2645 collacionem
1025 2579 1146 2663 gradus
1163 2576 1325 2642 scolastici
1348 2586 1382 2641 et
1399 2577 1645 2641 concessionem

295 2696 480 2779 graciarum
502 2698 646 2782 indignis
668 2711 702 2766 et
723 2702 853 2766 viciosis
875 2711 909 2767 et
932 2701 1040 2765 insciis
1063 2698 1211 2782 personis
1233 2699 1267 2761 in
1290 2698 1433 2771 Oxonia,
1456 2707 1490 2760 et
1513 2697 1547 2759 in
1572 2696 1647 2760 aliis

294 2816 422 2895 studiis,
447 2838 522 2901 quae
548 2819 686 2884 collacio
713 2821 801 2884 mala
826 2822 989 2904 graduum
1018 2819 1265 2884 scolasticorum
1290 2838 1356 2881 non
1386 2818 1448 2881 erit
1477 2818 1647 2880 destructa

294 2957 468 3020 quousque
493 2949 642 3020 potestas
664 2940 877 3024 dispensandi
899 2962 974 3005 cum
1000 2941 1095 3005 bonis
1121 2939 1254 3004 statutis
1281 2937 1464 3002 retrahatur
1485 2958 1507 3001 a
1531 2956 1646 3019 regen-

294 3056 394 3133 tibus,
410 3067 444 3122 et
463 3078 484 3122 a
499 3062 764 3141 procuratoribus
781 3061 1021 3140 Universitatis,
1035 3060 1092 3144 qui
1114 3060 1259 3144 pessima
1276 3058 1462 3123 concedunt
1477 3078 1538 3140 pro
1551 3055 1646 3121 lucro

295 3178 507 3258 perveniente
522 3179 646 3246 eisdem
662 3202 722 3264 per
736 3183 916 3264 graduatos
930 3190 964 3245 et
979 3180 1190 3264 graduandos
1205 3200 1264 3262 per
1279 3179 1423 3243 eosdem.

382 3298 526 3382 Quando
547 3322 613 3364 una
632 3300 791 3366 abbathia
806 3301 859 3366 vel
879 3301 1054 3384 collegium
1073 3310 1146 3365 orat
1165 3321 1226 3384 pro
1246 3301 1318 3383 ipso
1333 3298 1385 3363 vel
1406 3298 1487 3381 ipsis
1508 3297 1565 3380 qui
1585 3318 1644 3379 ap·

294 3419 507 3501 propriabant
527 3421 575 3484 eis
595 3420 767 3486 ecclesiam
789 3422 1022 3505 parochialem,
1041 3443 1126 3485 unus
1147 3422 1320 3485 destruens
1342 3428 1393 3483 est
1415 3428 1507 3496 tota3
1534 3414 1646 3479 multi-

293 3537 433 3621 plicacio
457 3540 618 3606 malorum
640 3564 727 3626 quae
752 3553 930 3607 secuuntur
951 3564 997 3606 ex
1019 3541 1107 3605 mala
1133 3539 1406 3624 appropriacione
1432 3536 1645 3602 ecclesiarum

294 3658 531 3741 parochialium
562 3683 606 3727 sc.
637 3664 821 3727 destruccio
851 3663 936 3738 cleri,
960 3662 1145 3727 destruccio
1174 3661 1253 3724 boni
1283 3659 1394 3733 curati,
1420 3667 1453 3722 et
1476 3656 1643 3730 doctrinae,

294 3789 329 3844 et
349 3779 429 3844 boni
452 3781 590 3858 concilii,
608 3793 642 3847 et
665 3784 821 3866 exempli,
837 3793 870 3849 et
894 3782 1140 3866 hospitalitatis,
1164 3791 1197 3846 et
1221 3778 1439 3846 exhibicionis
1461 3796 1644 3859 pauperum

294 3910 328 3965 et
350 3899 510 3982 juvenum
539 3905 582 3968 ad
614 3905 769 3968 studium.
830 3905 915 3968 Haec
942 3914 1018 3968 sunt
1049 3901 1137 3967 mala
1166 3922 1241 3985 quae
1271 3907 1449 3963 secuuntur
1473 3895 1646 4005 appropri-

293 4021 455 4097 acionem,
472 4032 506 4087 et
527 4025 700 4089 destruunt
719 4035 752 4089 et
773 4025 959 4109 impediunt
979 4026 1104 4088 bonurn
1128 4023 1218 4106 quod
1241 4021 1296 4084 alii
1316 4026 1435 4102 optant
1451 4016 1496 4079 illi
1516 4015 1644 4079 homini

292 4141 351 4225 qui
381 4141 536 4206 ecclesias
566 4145 769 4229 appropriari
801 4146 877 4211 fecit
910 4167 968 4209 seu
998 4143 1202 4228 appropriari
1232 4139 1405 4217 consensit,
1431 4147 1466 4201 et
1496 4136 1645 4201 deiectus

293 4281 435 4345 sequens
455 4284 515 4346 per
533 4266 838 4349 appropriationem
858 4267 943 4330 inter
963 4265 1180 4349 parochianos
1203 4272 1346 4327 meretur
1366 4262 1473 4344 ipsum
1492 4255 1645 4324 maledici

941 4385 962 4433 B
980 4387 997 4434 2
