3818 4904
680 438 778 494 LOCI
804 438 833 491 E
862 438 985 493 LIBRO
1021 438 1279 497 VERITATUM.
1615 435 1656 519 63

305 650 357 714 vel
381 652 467 716 male
490 652 596 716 bouus
618 662 651 716 et
677 653 849 736 perlectus,
872 655 950 735 quia
976 655 1003 717 si
1029 653 1127 718 faciat
1151 664 1187 718 ut
1214 656 1323 719 caeteri
1350 656 1453 735 multi,
1476 659 1537 720 erit
1559 657 1656 721 valde

305 773 420 848 malus,
448 784 482 837 et
508 775 535 836 si
562 795 627 837 non
654 774 767 837 fecerit
794 773 1004 837 consimiliter
1030 775 1086 852 εἰς,
1114 776 1174 837 erit
1205 776 1237 838 in
1264 776 1440 858 obprobrio
1467 777 1655 855 multorum,

305 903 338 957 et
364 894 511 976 abjeccio
536 895 679 977 plurium
706 895 776 957 erit.
823 893 890 957 Sed
916 893 1034 958 beatus
1061 894 1117 976 qui
1144 895 1258 959 suffert
1285 917 1344 977 pro
1367 896 1498 977 justicia
1520 898 1655 978 quando

304 1028 416 1102 portat
443 1037 581 1093 crucem,
608 1017 626 1080 i.
638 1037 665 1080 e.
692 1016 870 1078 cruciatum
897 1034 972 1078 cum
997 1015 1076 1078 Xto.
1131 1015 1225 1097 Opus
1251 1017 1354 1079 eciam
1382 1019 1484 1080 curati
1510 1027 1560 1080 est
1584 1038 1654 1081 cor-

305 1141 408 1221 rigere
430 1160 487 1201 seu
514 1137 752 1219 reprehendere
775 1134 862 1197 mala
885 1135 1100 1207 subditorum,
1124 1137 1230 1217 primo
1258 1137 1459 1208 instruendo,
1482 1149 1598 1220 postea
1621 1140 1654 1200 in

304 1260 419 1343 spiritu
441 1259 550 1323 sobrio
581 1258 783 1339 redarguere,
810 1265 842 1318 et
872 1254 1032 1317 offensam
1064 1265 1096 1318 et
1126 1275 1261 1337 poenam
1292 1258 1440 1338 peccanti
1470 1259 1653 1336 ostendere,

305 1401 347 1444 ne
375 1380 484 1443 fautor
513 1378 591 1442 mali
617 1378 767 1441 videatur
793 1386 827 1438 et
853 1374 1021 1455 neglector
1048 1396 1134 1439 curae
1161 1377 1291 1450 debitae,
1320 1387 1356 1440 ut
1383 1378 1491 1441 dicere
1522 1380 1653 1460 poterit,

304 1501 421 1564 ‘Zelus
443 1501 563 1563 domus
585 1508 661 1576 tuae,
683 1498 732 1560 ie.
749 1517 843 1559 amor
864 1495 979 1560 salutis
1001 1497 1197 1571 animarum,
1219 1499 1363 1561 comedit
1387 1519 1448 1575 me,
1465 1500 1541 1580 quia
1564 1520 1654 1563 com-

303 1623 416 1706 pacior
437 1631 471 1685 et
495 1621 631 1694 crucior,
654 1618 769 1682 videns
795 1617 879 1679 hanc
902 1636 1057 1698 sponsam
1084 1627 1185 1692 tuam,
1211 1617 1354 1680 Domine
1379 1618 1482 1693 Deus,
1505 1620 1653 1683 deditam

303 1742 474 1816 adulterio
499 1743 518 1805 i.
528 1762 555 1804 e.
579 1739 766 1803 inordinato
789 1736 928 1800 aliorum
949 1737 1061 1810 amori,
1084 1737 1197 1818 pocius
1216 1757 1315 1818 quam
1337 1739 1440 1800 amori
1463 1736 1541 1801 tu0.’
1586 1739 1653 1822 Qui

303 1866 366 1927 ista
384 1883 484 1945 opera
502 1862 623 1936 lecerit,
637 1879 738 1942 opera
756 1858 858 1921 curati
879 1856 965 1934 facit,
981 1866 1014 1919 et
1035 1858 1090 1938 qui
1110 1857 1173 1919 ista
1193 1877 1258 1919 non
1274 1857 1394 1933 lecerit,
1411 1858 1549 1939 plurima
1566 1860 1654 1922 mala

302 1985 390 2063 lacit,
416 1985 493 2067 quia
524 2004 568 2046 ex
597 1981 655 2045 tali
685 1979 861 2042 omissione
891 1977 1141 2040 innumerabilia
1171 1976 1258 2040 mala
1287 1978 1379 2055 fiunt,
1404 1989 1438 2042 et
1468 1981 1654 2043 innumera:

301 2107 381 2170 bilia
407 2107 495 2169 bona
525 2123 625 2184 opera
651 2101 857 2170 omittuntur,
883 2106 917 2161 et
944 2097 1163 2179 negliguntur.
1210 2098 1447 2162 Poenitenciam
1474 2121 1552 2181 ergo
1582 2121 1653 2183 age,

303 2228 334 2292 Ο
362 2226 532 2309 negligens
559 2228 682 2286 rectori
715 2229 748 2283 et
776 2220 881 2301 prima
908 2238 1009 2299 opera
1036 2218 1097 2294 lac,
1119 2217 1343 2301 Apocalypsis
1374 2219 1394 2300 ij
1423 2221 1576 2302 capitulo,
1603 2223 1653 2286 i.e.

303 2369 369 2412 non
396 2346 503 2410 solum
528 2364 604 2407 vere
634 2341 805 2422 poeniteas,
832 2339 891 2402 sed
918 2339 1024 2420 prima
1054 2359 1155 2420 opera
1186 2338 1245 2416 lac,
1272 2341 1323 2402 ie.
1351 2340 1439 2403 bona
1466 2362 1566 2424 opera
1593 2341 1653 2418 lac,

300 2471 344 2534 ad
372 2489 447 2550 quae
470 2465 567 2548 prius,
590 2471 668 2525 ante
695 2460 826 2541 culpam
851 2469 884 2522 et
906 2468 982 2540 post
1009 2458 1152 2541 culpam,
1174 2458 1339 2540 obligatus
1362 2481 1397 2523 es
1419 2460 1491 2541 jure
1514 2463 1652 2525 racionis

302 2601 336 2654 et
363 2589 436 2672 jure
466 2587 578 2652 divino
607 2584 738 2664 scripto,
768 2580 925 2662 exemplo
957 2578 1163 2643 Sanctissimi
1195 2579 1296 2653 Pauli,
1327 2582 1383 2662 qui
1414 2583 1652 2663 evangelizavit

301 2711 401 2775 fidem
423 2729 523 2791 quam
544 2704 723 2787 aliquando
748 2701 972 2783 expugnabat,
995 2701 1042 2763 ita
1064 2710 1102 2763 ut
1129 2720 1187 2781 pro
1210 2701 1282 2781 ipso
1305 2700 1360 2762 alii
1384 2699 1534 2765 homines
1558 2703 1651 2767 clari-

300 2832 446 2897 ficabant
472 2830 591 2903 Deum,
613 2826 646 2889 id
670 2834 729 2902 est,
747 2823 924 2905 gloriosum
949 2830 983 2885 et
1003 2821 1188 2902 graciosum
1211 2822 1457 2902 praedicabant;
1488 2844 1550 2905 age
1573 2845 1652 2906 ergo

301 2956 469 3025 instanter,
491 2959 525 3013 et
542 2948 673 3012 assidue
694 2964 805 3009 curam
826 2964 903 3026 gere
923 2943 1117 3019 animarum,
1136 2943 1195 3006 Xti
1216 2943 1376 3024 sanguine
1397 2944 1650 3027 redemptarum,

301 3095 342 3138 ne
367 3075 496 3138 dicatur
525 3070 585 3134 tibi
615 3068 695 3130 illud
719 3065 942 3148 Apocalypsis
969 3061 1027 3145 iij0,
1055 3064 1153 3125 ‘Non
1184 3063 1314 3125 invenio
1339 3085 1440 3146 opera
1467 3075 1524 3127 tua
1551 3066 1651 3148 plena

299 3215 410 3260 coram
435 3188 527 3269 Deo,'
551 3191 584 3253 id
608 3199 667 3261 est,
691 3186 848 3250 deficiunt
871 3194 990 3248 caetera
1013 3184 1168 3264 requisita
1191 3184 1223 3246 in
1246 3193 1281 3246 te
1303 3203 1413 3247 coram
1437 3185 1522 3248 Deo

388 3313 579 3380 Secundum
613 3309 745 3383 flumen,
783 3307 954 3370 destruens
984 3305 1071 3367 bona
1108 3304 1257 3386 plurima,
1288 3315 1338 3368 est
1372 3325 1436 3368 non
1471 3308 1650 3371 residencia

299 3445 488 3504 curatorum
515 3441 548 3496 et
574 3429 833 3513 praesidencium,
849 3427 905 3508 qui
933 3445 997 3488 non
1024 3436 1100 3489 sunt
1123 3435 1304 3507 praesentes
1326 3428 1358 3488 in
1380 3447 1438 3489 sua
1462 3447 1538 3490 cura
1560 3438 1594 3491 et
1608 3429 1649 3491 'in

299 3581 359 3624 suo
389 3555 521 3641 populo.
576 3551 669 3634 Quot
699 3550 786 3612 bona
820 3556 932 3610 causat
962 3546 1049 3609 bona
1080 3547 1259 3610 residencia
1290 3556 1323 3610 et
1355 3548 1488 3611 assidua
1516 3550 1649 3612 vacacio

298 3681 454 3764 operibus
480 3678 639 3740 virtutum
664 3681 697 3734 et
723 3668 940 3750 extirpacioni
967 3668 1133 3745 viciorum,
1159 3677 1211 3732 tot
1235 3668 1323 3731 mala
1349 3679 1461 3733 causat
1487 3671 1649 3749 absencia,

298 3824 356 3867 seu
376 3821 442 3864 non
459 3795 638 3861 residencia
658 3792 736 3855 boni
760 3789 903 3872 episcopi
926 3798 959 3851 et
974 3788 1052 3851 boni
1075 3789 1283 3871 praesidentis
1306 3798 1338 3853 et
1363 3791 1505 3853 rectoris.
1533 3791 1648 3874 Oppo-

299 3924 437 3987 sitorum
468 3920 556 3982 enim
588 3916 706 3978 eadem
729 3921 779 3974 est
803 3908 984 3990 disciplina,
1015 3918 1100 3973 teste
1123 3908 1322 3992 philosopho
1349 3911 1381 3973 in
1405 3910 1558 3993 phisicis;
1589 3915 1647 3976 ab·

298 4042 409 4109 sencia
429 4048 538 4104 nautae
556 4047 607 4100 est
628 4054 727 4099 causa
745 4030 995 4115 periclitacionis
1014 4033 1113 4107 navis,
1129 4032 1206 4113 quia
1225 4031 1308 4093 sicut
1327 4030 1413 4094 tollit
1434 4034 1647 4113 praesenciam

297 4184 392 4229 suam
422 4171 455 4225 et
485 4160 631 4241 regimen
663 4155 751 4237 quod
779 4151 968 4216 custodierit
999 4171 1116 4214 navem
1142 4172 1161 4213 a
1188 4151 1340 4232 periculis
1367 4162 1399 4215 et
1425 4173 1444 4214 a
1468 4154 1647 4235 naufragio,

298 4284 345 4350 sic
374 4282 529 4348 absencia
559 4279 638 4343 boni
675 4276 809 4340 rectoris
847 4274 879 4335 in
917 4272 1148 4355 spiritualibus,
1182 4273 1234 4336 vel
1270 4271 1301 4335 in
1332 4274 1505 4356 temporali
1531 4274 1646 4350 officio,
