3818 4904
275 387 337 448 218
652 397 751 452 LOCI
776 398 806 450 E
834 397 959 451 LIBRO
994 397 1253 453 VERITATUM.

276 612 466 695 Quadrivio,
497 634 584 677 anno
612 614 748 676 Domini
776 619 824 675 m⁰
854 618 964 676 cccc¹¹¹⁰
993 613 1266 694 quinquagesimo
1297 615 1447 694 septimo
1474 611 1540 693 xvij
1573 611 1628 674 die

276 736 399 798 mensis
416 735 620 810 Decembris,
638 736 671 797 in
686 735 740 798 die
756 734 896 809 sabbati,
913 734 945 795 in
965 734 1144 815 praesencia
1162 744 1240 798 tunc
1261 733 1455 798 Cancellarii
1475 732 1628 808 Oxoniae,

274 854 418 919 doctoris
437 855 578 918 Thomae
598 854 814 931 Chaundeler‚
829 863 909 916 tunc
930 853 1034 916 eciam
1053 855 1199 918 custodis
1222 855 1310 917 Novi
1334 852 1475 935 Collegii
1498 852 1628 915 Winto·

276 975 397 1039 niensis
424 976 457 1038 in
485 975 639 1053 Oxonia;
669 975 779 1056 plures
806 975 893 1037 enirn
920 973 1062 1037 haereses
1088 985 1122 1038 et
1148 994 1273 1037 errores
1296 975 1406 1056 posuit
1429 976 1491 1037 iste
1518 972 1628 1036 Pacok

275 1095 449 1176 episcopus
481 1094 514 1157 in
544 1096 610 1158 suis
641 1096 731 1158 libris
759 1094 900 1178 propriis
928 1093 1134 1176 Anglicanis‚
1166 1114 1306 1176 quarum
1341 1094 1462 1176 aliquae
1498 1113 1628 1175 magnae

274 1212 418 1276 haereses
441 1222 555 1292 contra
576 1212 754 1276 cimbolum
780 1230 817 1276 12
839 1211 1067 1294 apostolorum
1086 1221 1202 1294 patent
1225 1214 1257 1275 in
1277 1223 1353 1277 actu
1378 1233 1446 1277 suae
1468 1212 1629 1295 abjuraci·

275 1334 356 1409 onis,
380 1354 481 1415 quam
504 1335 575 1417 ipse
597 1334 708 1397 Pacok
731 1335 904 1417 episcopus
928 1332 1059 1416 legebat
1082 1335 1266 1416 inscriptis
1289 1335 1332 1398 ad
1355 1354 1484 1398 crucem
1513 1333 1628 1399 Sancti

278 1452 380 1532 Pauli,
401 1474 489 1517 anno
517 1454 653 1517 Domini
679 1454 849 1536 praedicto,
877 1453 1011 1534 quando
1037 1452 1111 1516 libri
1138 1452 1210 1535 ejus
1236 1453 1367 1519 suerunt
1393 1455 1438 1518 ibi
1464 1455 1628 1518 combusti

276 1594 388 1638 coram
412 1597 463 1638 xx
489 1575 623 1639 milibus
645 1575 819 1638 hominum
845 1585 879 1638 et
905 1573 1001 1637 ultra.
1040 1565 1121 1637 lex
1148 1573 1283 1657 Angliae
1311 1585 1360 1640 est
1386 1577 1476 1658 quod
1503 1575 1629 1640 domini

277 1695 496 1778 parliamenti,
520 1697 665 1761 accusati
688 1698 731 1760 de
753 1716 875 1778 magno
898 1696 1042 1773 crimine,
1064 1716 1123 1778 per
1145 1697 1321 1761 duodecim
1344 1717 1440 1779 pares
1466 1717 1544 1761 suos
1570 1697 1629 1760 do-

276 1817 384 1881 minos
401 1818 550 1893 barones,
569 1817 694 1882 debent
716 1838 777 1900 pro
799 1826 954 1881 accusato
976 1837 997 1880 a
1019 1818 1155 1881 crimine
1177 1819 1206 1880 ei
1230 1818 1385 1901 imposito
1408 1820 1557 1882 excusari
1577 1817 1628 1881 vel

276 1938 310 2000 in
326 1938 461 2001 crimine
476 1939 538 2000 sibi
554 1939 710 2020 imposito
726 1937 869 2001 finaliter
886 1957 946 2020 pro
966 1957 1022 2000 reo
1043 1939 1270 2019 pronunciari;
1293 1939 1352 2002 sed
1374 1939 1437 2002 iste
1456 1939 1630 2022 episcopus

278 2058 397 2136 Pacok,
418 2056 576 2120 Wallicus
599 2058 779 2135 nativitate,
797 2059 963 2121 accusavit
985 2067 1117 2122 sanctos
1140 2059 1294 2141 antiquos
1315 2060 1469 2124 doctores
1492 2079 1630 2142 magnos

277 2180 321 2242 de
340 2178 493 2255 falsitate,
512 2199 569 2241 seu
593 2179 826 2243 insufficiencia
847 2177 1044 2261 scriptorum
1065 2181 1247 2243 eorundem
1270 2181 1461 2260 doctorum3
1488 2182 1547 2244 sed
1569 2200 1629 2244 nec

278 2299 325 2364 eis
343 2301 378 2362 in
395 2309 511 2363 sancta
530 2300 599 2363 vita
621 2319 680 2363 nec
702 2300 866 2362 incorum
891 2318 1012 2381 magna
1036 2301 1176 2364 sciencia
1197 2311 1231 2365 et
1253 2322 1365 2365 eorum
1387 2301 1551 2366 miraculis
1569 2301 1630 2367 fuit

277 2422 349 2503 ipse
372 2419 482 2483 Pacok
505 2420 664 2501 probatus
685 2421 733 2483 eis
756 2419 909 2500 aequalis;
933 2419 1017 2498 ide0,
1036 2441 1092 2483 eos
1113 2422 1301 2503 reprobans,
1323 2422 1493 2504 sagittavit
1516 2433 1630 2487 contra

278 2540 382 2605 solem
413 2552 446 2605 et
475 2543 598 2621 sagitta
628 2562 687 2604 sua
717 2542 857 2623 propria,
880 2541 971 2623 justo
995 2542 1059 2604 Dei
1086 2543 1220 2624 judicio,
1244 2543 1369 2607 excidit
1398 2565 1496 2649 super
1521 2545 1630 2627 capud

278 2665 449 2746 proprium
472 2664 573 2744 ipsius
600 2664 745 2744 episcopi
770 2662 983 2726 Cicestrensis
1007 2663 1184 2745 Reginaldi
1208 2665 1327 2730 Pacok,

367 2794 400 2861 [p.
417 2793 488 2862 599]
531 2793 618 2848 Rex.
664 2782 888 2847 Consimiliter
909 2784 1034 2848 domini
1057 2787 1179 2849 austeri
1201 2796 1234 2849 et
1258 2787 1362 2869 rigidi,
1381 2796 1415 2851 et
1437 2787 1494 2868 qui
1516 2787 1631 2868 dedig-

279 2916 399 2971 nantur
422 2907 536 2970 audire
562 2926 744 2989 pauperum
766 2926 891 2981 causas,
908 2917 985 2971 sunt
1007 2926 1104 2970 causa
1127 2928 1228 2989 quare
1251 2928 1315 2971 non
1337 2917 1521 2990 agnoscunt
1544 2906 1631 2971 mala

280 3039 314 3092 et
333 3029 465 3110 injurias
485 3025 549 3116 [et]
573 3029 797 3106 subditorum3
820 3038 854 3093 et
877 3029 982 3092 eciam
1004 3029 1128 3093 subditi
1150 3029 1265 3093 vident
1287 3028 1377 3112 quod
1400 3029 1457 3091 alii
1479 3038 1631 3110 quaerunt

280 3149 461 3212 remedium
486 3170 507 3212 a
532 3149 760 3230 superioribus,
788 3158 822 3212 et
848 3169 914 3211 non
941 3148 1067 3212 habent
1093 3149 1284 3226 remedium,
1311 3158 1345 3213 et
1370 3150 1445 3212 ideo
1475 3149 1538 3230 ipsi
1565 3169 1631 3211 non

278 3280 432 3352 quaerunt
454 3271 636 3334 remedium
660 3271 702 3334 ab
730 3271 784 3348 eis,
808 3273 885 3353 quia
912 3290 977 3333 non
999 3270 1114 3334 vident
1143 3271 1233 3352 quod
1258 3279 1502 3351 consequentur
1526 3290 1632 3333 reme-

280 3391 382 3455 dium.
421 3390 522 3455 Unde
545 3391 666 3456 talibus
684 3392 828 3455 dominis
847 3392 968 3455 terreni
989 3391 1069 3455 dicit
1085 3391 1249 3455 Dominus
1264 3392 1366 3469 Deus,
1380 3390 1492 3454 Ysaiae
1514 3391 1630 3472 primo,

279 3511 431 3594 ‘Pupillo
458 3532 523 3575 non
545 3512 695 3595 judicant
719 3521 753 3575 et
779 3532 879 3575 causa
904 3512 1013 3575 viduae
1040 3532 1107 3575 non
1130 3512 1313 3594 ingreditur
1333 3512 1377 3576 ad
1401 3508 1477 3586 eos,'
1500 3512 1561 3576 ie.
1586 3512 1630 3575 ad

279 3652 393 3697 eorum
420 3633 586 3709 noticiam,
612 3634 690 3715 quia
715 3632 799 3696 tales
825 3633 954 3715 judices
983 3642 1137 3697 secuntur
1163 3635 1397 3698 retribuciones
1426 3643 1460 3697 et
1488 3632 1632 3715 diligunt

281 3775 425 3832 munera,
448 3764 482 3818 et
508 3756 553 3819 sic
579 3776 645 3818 non
672 3754 798 3818 iaciunt
821 3755 948 3837 justum
976 3756 1054 3837 quia
1081 3754 1209 3836 justum
1233 3765 1291 3830 est,
1318 3756 1377 3818 sed
1401 3756 1479 3837 quia
1505 3754 1631 3818 lucrum

279 3876 441 3958 recipiunt
462 3895 522 3957 pro
545 3875 633 3939 sacto
657 3897 717 3940 suo
739 3874 791 3939 vel
815 3896 875 3958 pro
897 3877 999 3940 verbo
1022 3897 1091 3940 suo.

367 4007 400 4074 [p.
420 4006 491 4070 600.]
534 3998 590 4063 Sic
617 4020 676 4062 rex
708 3999 873 4063 Henricus
900 3998 1045 4081 Quintus
1074 3997 1246 4082 proposuit
1272 3997 1410 4061 firmiter
1439 3997 1632 4062 reformasse

280 4119 527 4183 universitatem
560 4119 788 4184 Oxoniensem
820 4130 853 4184 et
885 4140 997 4184 eorum
1032 4130 1165 4198 statuta,
1195 4120 1285 4184 edita
1315 4141 1375 4202 per
1404 4119 1553 4202 juvenes,
1584 4119 1631 4182 ita

281 4242 371 4323 quod
394 4251 546 4323 regentes
567 4262 737 4323 nunquam
754 4242 1001 4324 dispensassent
1020 4261 1096 4306 cum
1117 4241 1228 4324 aliquo
1249 4251 1375 4306 statuto
1395 4239 1631 4318 universitatis3
