3818 4904
283 412 327 470 40
660 400 759 454 LOCI
783 400 814 452 E
842 399 966 452 LIBRO
1001 399 1260 452 VERITATUM.

283 613 390 695 ipsum
415 634 526 695 regem
551 612 735 677 Henricum
760 613 904 677 Sextum
932 612 1085 676 solebant
1108 632 1201 692 reges
1224 610 1359 695 Angliae
1385 625 1530 678 maturos
1558 617 1637 680 doc·

282 742 370 797 tores
385 733 571 816 theologiae,
584 744 704 797 exutos
720 756 739 797 a
756 754 833 797 cura
849 733 922 810 alia,
939 732 1059 814 eligere
1075 733 1109 794 in
1127 753 1204 795 suos
1216 731 1428 809 confessores,
1441 745 1474 798 et
1491 737 1636 819 episcopi

282 874 350 918 suae
389 875 474 918 curae
512 865 591 918 tunc
629 855 801 928 vacabant,
832 854 888 917 sed
928 854 961 916 in
999 862 1149 934 tempore
1185 853 1319 916 Henrici
1352 853 1449 918 Sexti
1480 855 1636 935 Staflord,

281 975 455 1055 episcopus
487 974 685 1050 Cantuariae,
713 984 747 1038 et
777 974 952 1038 bastardus
983 974 1117 1054 origine,
1147 972 1210 1036 luit
1242 972 1467 1038 cancellarius
1490 975 1635 1059 Angliae,

280 1091 396 1158 Adam
436 1094 566 1158 Molens
604 1094 777 1175 episcopus
816 1093 1030 1157 Cicestrensis
1069 1091 1130 1156 luit
1165 1103 1276 1156 custos
1311 1095 1429 1174 privati
1467 1097 1565 1177 sigilli
1603 1107 1636 1160 et

279 1214 407 1279 occisus
433 1213 514 1292 fuit3
547 1214 719 1296 episcopus
745 1213 964 1277 Norwicensis
988 1212 1154 1276 Walterus
1183 1213 1296 1295 Lyard
1320 1216 1363 1277 de
1385 1215 1553 1280 Cornubia
1575 1216 1637 1281 luit

280 1333 449 1401 consessor
468 1335 589 1416 reginae
611 1335 755 1397 residens
778 1334 810 1396 in
834 1335 931 1411 curia,
954 1344 988 1397 et
1013 1333 1187 1416 episcopus
1215 1331 1437 1398 Carlionensis
1460 1347 1493 1399 et
1520 1348 1636 1419 postea

281 1452 520 1520 Lincolniensis
543 1453 778 1519 Marmaducus
803 1453 911 1516 Lunle
936 1451 995 1517 luit
1019 1452 1239 1517 thesaurarius
1260 1453 1404 1536 Angliae,
1427 1466 1460 1519 et
1484 1458 1636 1539 indignus

282 1576 454 1657 episcopus
476 1574 623 1651 Cestriae,
647 1573 736 1638 Buth
764 1574 905 1649 nomine,
928 1572 989 1636 luit
1013 1585 1092 1637 tunc
1120 1573 1332 1637 cancellarius
1356 1575 1478 1657 reginae
1502 1577 1635 1659 Marga-

280 1706 359 1761 retae
383 1695 527 1777 Angliae.

367 1824 489 1891 [p.403.]
535 1814 757 1879 Consimiliter
783 1815 853 1895 jam
880 1813 983 1877 Anno
1014 1814 1150 1878 Domini
1179 1825 1261 1892 1450
1291 1826 1431 1897 possunt
1463 1818 1571 1881 dicere
1601 1820 1635 1882 in

279 1935 405 2017 Anglia
421 1936 543 1999 subditi
559 1936 625 1998 suis
642 1935 805 2016 capitibus
820 1936 975 1998 diversis:
999 1933 1197 2009 ‘Erubesce
1215 1933 1245 1998 O
1263 1936 1435 2016 episcope!
1461 1937 1492 2000 O
1510 1940 1633 2001 rector!

281 2053 451 2137 Ojudext
482 2055 559 2136 quia
581 2054 609 2119 si
630 2055 784 2119 intrasses
802 2075 862 2137 per
881 2054 992 2118 Deum
1017 2055 1048 2116 in
1073 2074 1184 2116 curam
1208 2063 1301 2117 tuam
1322 2063 1356 2118 et
1376 2056 1520 2119 officium
1541 2068 1634 2121 tuum

279 2175 392 2240 debite
414 2176 556 2251 fecisses,
581 2175 651 2243 haec
677 2175 764 2241 mala
789 2195 854 2238 non
881 2173 1018 2238 luissent
1044 2173 1096 2236 hic
1117 2173 1204 2237 iacta
1231 2174 1264 2236 in
1294 2183 1352 2237 tuo
1382 2176 1518 2258 populo,
1540 2188 1576 2241 et
1607 2180 1634 2241 si

280 2295 394 2359 luisses
412 2297 465 2360 hic
485 2297 517 2358 in
538 2305 594 2359 tua
614 2316 692 2360 cura
715 2305 748 2359 et
771 2295 878 2358 officio
901 2295 1022 2371 debite,
1038 2292 1137 2357 frater
1158 2304 1234 2357 tuus
1256 2314 1322 2357 non
1343 2294 1457 2359 luisset
1479 2308 1635 2378 mortuus,

280 2418 335 2483 ie.
358 2415 474 2482 iratres
500 2417 548 2481 tui
576 2426 626 2481 tot
653 2426 687 2481 et
713 2415 795 2481 tanti
820 2435 886 2479 non
910 2414 1048 2478 luissent
1072 2413 1118 2477 sic
1144 2415 1264 2478 mortui
1291 2415 1325 2477 in
1348 2416 1524 2497 peccatisl’
1557 2417 1635 2498 Jam

280 2537 369 2602 enim
401 2537 479 2602 sinit
511 2533 632 2621 (Deus)
661 2536 840 2603 occisiones
872 2536 1101 2617 episcoporum
1136 2544 1169 2598 et
1200 2536 1416 2609 sacerdotum,
1449 2545 1482 2599 et
1512 2539 1635 2620 spolia-

279 2658 408 2722 cionem
426 2659 588 2723 bonorum
609 2657 652 2723 ab
668 2656 731 2721 hiis
751 2656 808 2738 qui
828 2655 948 2719 divites
966 2656 1186 2728 nominantur,
1204 2664 1237 2717 et
1255 2654 1402 2720 delectus
1422 2659 1635 2724 correccionis

279 2789 415 2861 propter
444 2777 661 2861 cupiditatem
688 2776 836 2858 judicum
868 2785 901 2841 et
931 2776 1169 2848 crudelitatem,
1202 2786 1234 2841 et
1264 2775 1329 2839 ista
1359 2785 1392 2838 et
1421 2777 1516 2860 plura
1547 2780 1636 2845 mala

279 2898 519 2962 inundaverunt
555 2899 588 2960 in
617 2896 744 2979 Anglia
775 2918 818 2960 ex
853 2917 919 2978 quo
954 2897 1100 2979 episcopi
1130 2895 1265 2978 Angliae
1300 2895 1448 2962 laverunt
1478 2899 1635 2983 episcopo

278 3018 470 3097 Assavensi‚
488 3030 605 3102 postea
629 3018 835 3096 Cicestrensi,
857 3017 1045 3099 Reginaldo
1065 3016 1184 3094 Pecok,
1199 3016 1348 3095 Wallico‚
1370 3018 1426 3100 qui
1450 3019 1634 3084 Londoniae

279 3141 472 3223 praedicavit
498 3139 630 3222 puplice
656 3150 690 3204 ct
719 3138 841 3223 pluries
867 3138 1015 3214 asseruit,
1044 3148 1077 3202 et
1107 3138 1245 3219 scripsit,
1276 3139 1365 3220 quod
1392 3141 1537 3222 episcopi
1568 3162 1634 3205 non
1728 3170 1732 3178 ·

279 3271 434 3326 tenentur
456 3262 635 3343 praedicare
657 3260 782 3343 populo
804 3261 837 3324 in
853 3260 916 3325 hoc
939 3260 1028 3342 quod
1049 3260 1196 3341 episcopi
1217 3269 1303 3338 sunt,
1319 3270 1353 3323 et
1375 3262 1464 3342 quod
1489 3262 1634 3346 episcopi

278 3393 355 3447 sunt
386 3383 478 3447 exuti
509 3403 529 3445 a
556 3401 632 3445 cura
659 3380 714 3444 illa
744 3390 778 3445 et
806 3402 827 3444 a
857 3401 934 3445 cura
964 3382 1157 3457 animarum,
1185 3381 1217 3443 in
1247 3380 1310 3444 hoc
1337 3382 1426 3462 quod
1457 3382 1635 3447 instituunt

276 3505 360 3570 alios
386 3513 526 3580 curatos
553 3512 587 3566 et
614 3502 703 3583 quod
733 3502 860 3583 antiqui
891 3502 1037 3583 episcopi
1068 3500 1294 3583 praedicabant
1319 3502 1458 3584 antiquo
1484 3512 1635 3586 ternpore

278 3648 318 3691 eo
334 3626 423 3709 quod
440 3624 571 3688 luerunt
589 3623 744 3705 episcopi,
760 3623 780 3685 i.
798 3645 825 3685 e.
849 3623 952 3687 curati
974 3622 1166 3700 immediati,
1187 3622 1254 3686 sive
1277 3631 1428 3700 rectores,
1444 3623 1496 3685 vel
1520 3625 1633 3699 curati,

276 3759 310 3812 et
331 3747 491 3811 concessit
514 3742 698 3808 Londoniis
717 3745 807 3826 quod
831 3744 1003 3825 episcopus
1025 3763 1091 3807 non
1114 3753 1225 3826 potest
1243 3743 1421 3825 praedicare
1443 3743 1476 3807 in
1497 3744 1634 3809 ecclesia

276 3867 455 3950 parochiali
479 3887 548 3930 suae
568 3865 716 3943 diocesis,
738 3866 808 3928 sine
833 3864 970 3929 licencia
992 3864 1136 3939 rectoris,
1157 3863 1209 3927 vel
1231 3864 1341 3928 vicarii
1365 3863 1451 3928 illius
1475 3864 1633 3929 ecclesiae.

279 3988 355 4052 Hoc
383 3987 544 4052 concessit
571 3987 627 4051 ille
660 3986 833 4069 episcopus
863 3986 991 4049 doctori
1018 3984 1224 4067 Millyngton
1254 3987 1296 4049 de
1326 3985 1549 4068 Cantabrigia,
1575 3986 1634 4068 qui

276 4109 336 4172 luit
359 4110 475 4172 doctor
497 4128 599 4172 sacrae
622 4106 798 4188 theologiae
821 4107 863 4170 de
889 4106 1050 4171 comitatu
1074 4106 1226 4183 Eboraci,
1251 4109 1383 4189 egregie
1410 4107 1633 4170 determinans

276 4238 389 4294 contra
415 4231 607 4311 episcopum
634 4230 840 4311 praedictum.
886 4228 1071 4310 Episcopus
1096 4227 1175 4291 dicit
1198 4228 1332 4310 quando
1354 4227 1504 4293 admittit
1526 4247 1633 4291 sacer·
