3818 4904
650 429 750 485 Locl
775 428 805 482 E
832 429 958 485 LIBRO
993 428 1252 485 VERITATUM.
1565 441 1625 487 221

276 642 369 705 ducis
400 643 590 726 Lotringiae,
621 643 678 726 qui
708 645 888 708 vocabatur
913 665 973 708 rex
1005 643 1147 722 Ceciliae,
1170 645 1232 708 suit
1262 655 1366 727 nupta
1396 646 1463 729 regi
1492 646 1627 730 Angliae

277 763 424 827 Henrico
448 763 554 841 Sexti,
578 765 697 828 mediis
721 764 881 827 Willelmi
905 764 994 842 Pule,
1017 775 1096 829 ωηο
1121 743 1213 829 ducis
1238 766 1436 845 Suffolchiae,
1462 777 1541 832 ωηο
1568 788 1627 830 rex

275 882 420 966 Angliae,
452 885 617 948 Henricus
648 885 782 962 Sextus,
815 885 872 968 qui
902 885 997 949 dedit
1024 895 1129 950 terras
1159 907 1233 949 suas
1267 887 1299 949 in
1333 887 1467 970 Anglia,
1497 908 1627 951 coronae

275 1003 411 1087 Angliae
436 1006 575 1083 debitas,
596 1006 733 1070 diversis
755 1006 898 1069 dominis
920 1008 952 1068 in
976 1004 1101 1087 Anglia
1130 1016 1163 1070 et
1186 1007 1356 1082 militibus,
1380 1018 1412 1072 et
1433 1007 1504 1071 aliis
1527 1009 1627 1072 servis

275 1128 352 1204 suis,
368 1135 402 1190 et
423 1147 537 1190 eorum
553 1126 738 1189 haeredibus
760 1135 794 1190 et
810 1127 995 1208 assignatis,
1011 1126 1115 1204 dedit,
1135 1126 1243 1209 sigillo
1264 1149 1323 1190 suo
1344 1129 1434 1210 regio
1451 1138 1485 1193 et
1506 1149 1627 1211 magno

276 1246 361 1328 regis
391 1247 534 1329 Angliae,
565 1246 826 1311 Cenomanniam
857 1256 890 1310 et
916 1246 1149 1329 Andegaviam
1179 1247 1265 1330 patri
1295 1249 1463 1330 praedictae
1494 1250 1627 1332 Marga-

276 1377 355 1431 retae
387 1368 508 1448 reginae
536 1377 569 1431 et
596 1367 699 1449 ipsius
726 1369 829 1450 patris
851 1367 1048 1445 haeredibus,
1075 1386 1151 1431 cum
1179 1387 1245 1448 qua
1271 1368 1384 1449 regina
1410 1390 1469 1431 rex
1492 1369 1627 1453 Angliae

275 1497 309 1552 et
331 1486 457 1570 Anglia
480 1509 545 1551 ηοη
569 1489 693 1570 recepit
715 1499 819 1552 terras
842 1508 902 1551 nec
925 1487 1070 1566 divicias,
1089 1488 1147 1550 sed
1171 1488 1316 1551 diversas
1340 1489 1496 1553 miserias.

362 1609 440 1672 Rex
461 1607 606 1690 Angliae‚
629 1609 794 1672 Henricus
817 1607 952 1682 Sextus
974 1608 1077 1686 dedit,
1100 1607 1162 1671 sub
1183 1608 1290 1691 sigillo
1313 1630 1374 1672 suo
1397 1629 1528 1691 magno,
1549 1611 1627 1675 civi·

274 1737 379 1791 tatem
415 1727 640 1792 Cenomannis
676 1749 752 1792 cum
784 1728 1013 1793 Cenomanuia
1050 1738 1084 1792 et
1121 1729 1289 1793 civitatem
1320 1729 1514 1813 Andegavis
1549 1752 1625 1795 cum

274 1848 482 1932 Andegavia,
505 1849 658 1930 Anglice,
681 1848 816 1931 Awnoy
840 1850 907 1912 and
935 1850 1050 1931 Mayn,
1076 1849 1162 1932 patri
1189 1850 1309 1933 reginae
1332 1849 1466 1932 Angliae
1492 1852 1625 1935 Marga-

273 1980 354 2033 retae
384 1979 419 2034 et
444 1969 631 2034 haeredibus
658 1971 760 2054 patris
787 1970 872 2033 illius
899 1970 1021 2054 reginae
1050 1970 1256 2051 Margaretae,
1280 1972 1381 2035 etsie
1406 1974 1566 2037 concessit
1592 1982 1626 2037 et

274 2091 367 2155 dedit
394 2111 453 2153 rex
483 2090 626 2174 Angliae,
659 2091 824 2154 Henricus
851 2089 932 2172 vj2¹¹⁸‚
965 2089 1226 2154 Cenomanniam
1256 2101 1289 2155 et
1319 2091 1551 2176 Andegaviam
1581 2095 1624 2158 ad

272 2212 473 2294 peticionem
500 2213 621 2294 reginae
647 2233 716 2275 suae
743 2211 951 2293 Margaretae,
975 2210 1051 2274 filiae
1082 2212 1175 2275 ducis
1196 2212 1386 2294 Lotringiae,
1409 2215 1465 2296 qui
1495 2216 1625 2279 vocavit

272 2334 418 2416 seipsum
446 2354 557 2416 regem
584 2332 725 2406 Ceciliae‚
754 2341 787 2396 et
811 2342 923 2396 tamen
949 2353 1009 2396 nec
1038 2333 1266 2396 obedienciam
1294 2354 1354 2397 nec
1384 2336 1557 2416 pecuniam
1581 2337 1625 2399 ab

272 2452 330 2516 illo
360 2475 470 2536 regno,
495 2455 630 2518 subdito
652 2464 732 2518 tunc
755 2456 823 2536 regi
848 2454 1053 2536 Arragoniae,
1079 2454 1222 2536 recepit3
1253 2464 1287 2518 et
1314 2455 1426 2538 regina
1448 2457 1511 2520 ista
1542 2477 1625 2538 prae·

272 2570 361 2633 dicta
384 2572 483 2651 peciit
507 2592 526 2633 a
551 2592 627 2652 rege
649 2570 784 2652 Angliae
807 2570 853 2633 sic
876 2570 947 2633 dari
973 2571 1058 2651 patri
1083 2591 1152 2647 su0,
1173 2591 1231 2652 per
1252 2571 1446 2635 instanciam
1465 2571 1624 2636 Willelmi

273 2690 376 2765 Pulle‚
403 2691 752 2771 ducisSuthsolchiae,
780 2700 814 2754 et
843 2691 956 2754 uxoris
986 2712 1063 2765 suae,
1089 2691 1144 2772 qui
1170 2701 1268 2753 antea
1297 2692 1344 2754 sic
1370 2693 1438 2773 peti
1465 2694 1623 2775 promise-

271 2821 367 2888 rant3
406 2823 455 2887 et·
475 2813 594 2875 dicitur
630 2813 673 2876 ab
706 2811 869 2894 aliquibus
904 2812 994 2893 quod
1030 2811 1101 2894 ipse
1136 2812 1206 2875 dux
1243 2811 1423 2894 Lotringiae
1458 2813 1624 2894 juraverat

271 2935 430 3015 praedicto
460 2935 535 2997 duci
571 2942 604 2996 et
634 2934 781 3012 ducissae,
811 2933 901 3015 quod
936 2933 1006 3014 ipse
1035 2932 1209 2996 efficaciter
1245 2931 1411 2997 laboraret
1446 2955 1506 3016 pro
1542 2956 1623 3017 pace

271 3055 360 3117 finali
390 3031 545 3118 habenda
575 3056 661 3118 inter
683 3054 843 3137 Angliam
872 3063 907 3117 et
934 3053 1117 3129 Franciam,
1141 3052 1168 3115 si
1199 3074 1259 3115 rex
1286 3052 1429 3136 Angliae,
1456 3058 1506 3119 cui
1530 3057 1623 3121 dedit

270 3175 372 3239 filiam
406 3197 501 3239 suam
533 3176 757 3258 Margaretam
791 3177 824 3238 in
860 3194 1008 3246 uxorem,
1038 3175 1132 3237 daret
1168 3173 1230 3256 ipsi
1267 3175 1342 3238 duci
1373 3175 1553 3259 Lotringiae
1589 3185 1623 3241 et

269 3296 456 3360 haeredibus
485 3296 553 3359 suis
582 3296 615 3359 in
646 3306 843 3380 perpetuum
868 3294 1129 3359 Cenomanniam
1161 3304 1195 3358 et
1224 3293 1468 3377 Andegaviam,
1498 3306 1531 3360 et
1563 3317 1622 3360 rex

269 3417 413 3500 Angliae‚
438 3417 604 3481 Henricus
629 3418 763 3495 Sextus,
789 3417 835 3482 sic
863 3417 925 3480 sub
956 3416 1063 3498 sigillo
1094 3437 1154 3478 suo
1185 3416 1287 3493 dedit,
1317 3425 1351 3479 et
1381 3416 1621 3498 possessionem

269 3538 407 3604 tradidit
436 3560 496 3622 per
521 3539 717 3621 magistrum
744 3537 857 3601 Adam
884 3537 1024 3616 Molens,
1050 3537 1241 3619 episcopum
1269 3546 1346 3600 tunc
1371 3534 1621 3613 Cicestrensem,

268 3662 326 3742 qui
357 3660 494 3724 tradidit
516 3660 674 3742 praedicta
698 3658 731 3721 in
756 3659 998 3741 possessionem
1022 3658 1180 3741 praedicto
1211 3657 1295 3736 duci,
1314 3657 1453 3738 jubente
1478 3659 1525 3722 sic
1552 3659 1623 3722 fieri

269 3801 347 3864 rege
377 3781 511 3864 Angliae
541 3781 701 3862 praedicto
737 3789 770 3842 et
804 3779 941 3844 concilio
979 3799 1048 3857 su0,
1077 3800 1123 3843 sc.
1153 3779 1283 3843 duobus
1316 3779 1455 3843 ducibus
1488 3789 1522 3843 et
1555 3801 1622 3844 uno

268 3902 526 3985 archiepiscopo,
548 3902 604 3983 qui
629 3901 675 3965 sic
698 3911 934 3964 consenserunt
956 3900 1110 3983 peticioni
1134 3900 1219 3983 regis
1239 3898 1373 3982 Angliae
1395 3900 1483 3981 apud
1505 3899 1622 3964 fratres

269 4025 502 4107 praedicatores
530 4022 722 4098 Londoniis,
750 4023 806 4085 ubi
836 4031 903 4086 tres
936 4020 1085 4103 praedicti
1116 4020 1240 4083 domini
1274 4030 1509 4085 consenserunt
1538 4022 1623 4104 peti-

268 4146 354 4210 cioni
381 4146 465 4229 regis
490 4145 634 4226 Angliae,
658 4144 748 4229 quod
775 4143 953 4227 praedictus
980 4142 1093 4206 Adam
1119 4142 1293 4226 episcopus
1320 4141 1515 4207 deliberaret
1544 4163 1621 4226 pos·

268 4267 448 4332 sessionem
472 4268 705 4351 praedictorum
728 4264 885 4349 praedicto
908 4263 983 4329 duci
1008 4263 1199 4347 Lotringiae.
