3818 4904
291 389 351 469 148
665 396 763 452 LOCI
789 396 818 448 E
846 396 970 449 LIBRO
1006 395 1264 450 VERITATUM.

289 615 378 677 idem
405 615 493 695 prior
519 612 611 674 dedit
639 612 745 673 eidem
770 610 899 691 legistae
921 610 977 691 jus
1002 612 1223 692 praesentandi
1248 630 1363 673 omnes
1387 609 1459 671 illas
1487 609 1641 672 ecclesias
1672 674 1675 679 ,

289 736 344 811 sic,
366 735 455 816 quod
481 733 536 795 ille
558 732 717 795 defendat
744 752 819 794 eum
842 732 885 795 ab
908 732 1061 794 omnibus
1084 733 1212 796 vicariis
1238 742 1271 795 et
1295 730 1502 814 parochianis
1525 732 1581 813 qui
1608 732 1642 793 in

291 855 378 919 curia
402 855 546 937 episcopi
569 855 617 916 sui
641 853 849 934 implacitant
872 854 1024 934 priorem,
1053 874 1112 935 pro
1139 853 1202 915 illis
1229 874 1303 935 quae
1330 852 1451 917 faceret
1478 853 1511 915 in
1540 852 1643 916 eccle·

291 976 347 1038 siis
370 975 588 1058 appropriatis
612 995 671 1036 sno
696 975 862 1056 prioratui,
885 984 918 1036 et
941 974 995 1037 ille
1019 974 1125 1037 malus
1151 975 1270 1055 legista
1292 986 1407 1039 contra
1429 974 1484 1055 jus
1509 983 1643 1038 senten·

292 1099 357 1160 ciat
376 1117 436 1178 pro
459 1097 574 1177 priore,
598 1104 631 1157 et
654 1096 729 1158 ideo
751 1106 903 1177 quaerunt
926 1096 1108 1158 remedium
1131 1096 1164 1157 in
1183 1095 1256 1176 jure
1280 1096 1381 1176 regni.
1448 1093 1454 1102 ’

379 1225 413 1290 [p.
433 1223 500 1287 ron]
549 1215 712 1277 Dominus
742 1216 843 1296 Papa,
875 1215 933 1277 Xti
969 1215 1117 1290 vicariuS,
1147 1224 1258 1297 potest
1293 1222 1396 1278 terras
1428 1225 1462 1278 et
1494 1215 1645 1278 redditus

293 1336 349 1418 qui
372 1336 493 1398 dantur
519 1335 646 1398 caeteris
672 1335 751 1397 locis
778 1347 812 1399 et
839 1335 1046 1398 monasteriis
1072 1335 1216 1399 alienare
1240 1346 1273 1399 et
1297 1335 1444 1398 conferre
1466 1334 1538 1398 aliis
1564 1335 1645 1398 locis

293 1465 326 1519 et
353 1454 497 1519 ecclesiis
520 1454 769 1537 parochialibus,
792 1465 828 1518 ut
855 1455 981 1536 majora
1006 1455 1095 1518 bona
1122 1465 1154 1519 et
1179 1456 1284 1537 majus
1307 1456 1433 1519 lucrum
1460 1457 1645 1518 animarum

294 1597 338 1638 ex
368 1575 549 1638 ministerio
580 1575 708 1637 illorum
738 1576 901 1637 bonorum
931 1575 1134 1657 proveniant,
1162 1576 1247 1639 sicut
1278 1575 1442 1639 Dominus
1473 1576 1566 1638 Deus
1597 1596 1647 1638 re·

293 1695 397 1759 traxit
423 1695 466 1758 ab
493 1694 585 1775 Hely
610 1705 643 1758 et
669 1695 735 1757 suis
758 1695 1000 1758 successoribus
1023 1715 1097 1776 quae
1121 1696 1211 1777 prius
1234 1696 1280 1759 eis
1305 1695 1490 1759 contulerat
1514 1706 1548 1759 et
1573 1716 1647 1776 per-

294 1815 439 1892 miserat,
466 1815 579 1878 dicens
608 1815 657 1877 ΡΟ.
682 1815 822 1896 Regum,
850 1814 968 1878 ‘Absit
994 1815 1058 1878 hoc
1084 1836 1105 1878 a
1132 1816 1207 1892 me,’
1229 1815 1364 1894 scilicet,
1390 1826 1427 1879 ut
1454 1815 1646 1897 permittam

294 1946 329 2000 te
355 1945 389 1998 et
411 1945 487 1999 tuos
512 1955 716 1998 successores
743 1956 786 1997 ex
812 1946 870 1999 tua
891 1936 1087 2017 posteritate
1113 1935 1235 2000 habere
1262 1947 1296 2000 et
1322 1938 1462 2001 retinere
1485 1954 1560 2018 quae
1586 1936 1647 2000 tibi

294 2057 385 2139 prius
415 2055 559 2138 promisi,
586 2056 676 2137 quod
707 2054 763 2118 illa
792 2054 963 2131 haberent,
990 2067 1024 2120 et
1054 2077 1129 2138 quae
1159 2057 1219 2120 tibi
1250 2057 1395 2134 contuli;
1426 2056 1649 2122 abutebantur

296 2177 384 2239 enim
415 2176 511 2253 datis,
542 2185 576 2238 et
607 2176 681 2239 ideo
708 2177 798 2257 juste
831 2198 891 2259 per
921 2177 1031 2239 Deum
1065 2187 1099 2240 et
1134 2198 1193 2259 per
1228 2177 1299 2258 ejus
1333 2179 1492 2241 vicariurn
1528 2176 1647 2241 retrahi

295 2297 340 2360 ab
367 2297 415 2359 eis
444 2306 593 2379 possunt,
618 2305 652 2360 et
677 2297 749 2359 aliis
776 2296 924 2374 conferri,
952 2299 1007 2379 qui
1035 2296 1113 2360 inde
1140 2295 1300 2378 majorem
1327 2297 1470 2361 fructum
1501 2298 1649 2362 afferent.

297 2417 456 2481 Ecclesiae
485 2419 574 2480 enim
604 2417 807 2499 parochiales
838 2428 872 2481 et
908 2439 985 2481 cura
1013 2419 1197 2481 animarum
1224 2418 1295 2500 jam
1325 2419 1358 2481 in
1388 2418 1539 2499 pluribus
1568 2419 1649 2483 locis

296 2536 431 2620 Angliae
456 2539 670 2601 destruuntur
696 2559 755 2619 per
780 2539 1085 2620 appropriacionem
1112 2538 1322 2601 ecclesiarum
1345 2537 1593 2621 parochialium,
1616 2548 1651 2603 et

297 2659 423 2722 domini
449 2659 569 2721 terreni
596 2659 726 2740 decepti
753 2668 830 2721 sunt
856 2659 1015 2735 dicentes,
1038 2658 1180 2722 ‘Melius
1207 2669 1258 2722 est
1285 2659 1372 2722 enim
1395 2658 1485 2741 quod
1512 2658 1651 2723 ecclesia

297 2779 528 2861 appropriatur
558 2777 615 2841 tali
646 2778 728 2855 loco,
755 2779 833 2860 quia
863 2779 973 2860 plures
1001 2799 1159 2861 personas
1189 2779 1327 2843 exhibet
1358 2800 1418 2862 per
1446 2780 1536 2844 bona
1564 2779 1652 2843 illius

299 2898 455 2972 ecclesiae,
480 2908 513 2961 et
543 2899 653 2981 plures
683 2898 792 2961 missae
822 2900 928 2963 eciam
958 2899 1165 2963 celebrantur
1194 2900 1319 2963 ibidem
1349 2921 1410 2982 pro
1439 2899 1649 2982 parochianis

299 3019 386 3082 illius
416 3019 562 3082 ecclesiae
591 3020 822 3101 appropriata,
852 3041 952 3101 quam
983 3021 1072 3102 quod
1103 3041 1187 3083 unus
1217 3021 1378 3103 superbus
1406 3019 1530 3085 habeat
1560 3021 1652 3084 illam

299 3140 473 3203 rectoriam
501 3150 534 3203 et
557 3140 644 3201 vivat
671 3140 760 3203 laute
783 3141 837 3203 ubi
860 3141 1000 3203 voluerit
1026 3163 1085 3223 per
1110 3142 1198 3204 bona
1222 3141 1308 3204 illius
1331 3140 1497 3205 ecclesiae'
1542 3141 1653 3220 Tales,

300 3262 356 3343 qui
383 3261 429 3323 sic
454 3261 577 3337 dicunt,
604 3281 669 3322 non
696 3262 906 3324 considerant
932 3263 1021 3343 quod
1050 3261 1268 3344 multiplicare
1295 3262 1563 3326 inconveniencia
1586 3282 1653 3325 non

301 3391 353 3478 est
380 3402 419 3444 ea
441 3380 576 3443 solvere.
630 3380 698 3462 Ipsi
725 3382 812 3443 enim
840 3391 916 3444 sunt
944 3402 1042 3445 causa
1065 3403 1165 3464 quare
1189 3384 1334 3446 ecclesiae
1358 3383 1479 3447 dantur
1501 3383 1653 3466 indignis,

301 3513 335 3566 et
362 3522 463 3583 quare
493 3521 605 3562 earum
631 3500 719 3563 bona
746 3501 832 3563 male
860 3503 1101 3584 expenduntur,
1127 3524 1187 3585 per
1213 3504 1327 3582 malos,
1353 3504 1474 3585 quibus
1500 3503 1655 3567 ecclesias

302 3623 494 3700 conferunt3
525 3622 587 3704 ipsi
609 3622 698 3684 enim
716 3623 870 3699 dicerent,
887 3622 941 3686 ‘Si
962 3623 1100 3686 ecclesia
1122 3646 1179 3687 seu
1200 3625 1288 3687 bona
1309 3625 1449 3688 rectoria
1469 3634 1557 3687 esset
1575 3624 1656 3688 data

302 3746 451 3829 bono&
472 3742 576 3806 habili
598 3743 676 3818 viro,
701 3745 756 3825 qui
780 3728 920 3807 fideliter
944 3745 1110 3826 promittit
1136 3766 1171 3808 se
1195 3745 1337 3808 residere
1362 3745 1396 3808 in
1423 3745 1550 3823 eadem,
1574 3754 1656 3809 tunc

303 3865 399 3948 plura
427 3865 517 3927 bona
546 3863 659 3927 debita
687 3863 803 3927 fierent
832 3864 918 3927 inter
946 3864 1173 3946 parochianos,
1202 3865 1336 3942 eisdem,
1367 3875 1401 3928 et
1429 3886 1490 3948 pro
1519 3865 1658 3942 eisdem,

305 3995 339 4049 et
362 4005 421 4067 per
443 3984 536 4047 illum
559 3986 684 4047 bonum
707 3995 870 4048 rectorem
898 3984 1134 4049 exhiberentur
1159 3984 1271 4068 plures
1293 3984 1441 4067 juveneS,
1465 3986 1521 4068 qui
1546 3995 1658 4049 essent

306 4107 417 4188 magni
454 4105 559 4170 clerici
596 4107 630 4168 in
665 4104 793 4183 scholis,
823 4116 857 4169 et
890 4108 1087 4183 sacerdotes,
1119 4107 1184 4188 qui,
1214 4127 1273 4188 per
1306 4107 1472 4171 orationes
1506 4126 1592 4183 suaS,
1623 4114 1659 4169 et

308 4228 435 4305 missaS,
462 4239 494 4292 et
525 4228 807 4310 praedicacionem,
835 4237 869 4292 et
899 4239 1013 4299 sancto
1044 4228 1209 4310 exemplo,
1240 4229 1346 4311 magis
1377 4229 1451 4293 Deo
1481 4227 1659 4311 placerent,
