3818 4904
633 415 733 472 LOCI
757 418 787 470 E
816 418 940 472 LIBRO
974 418 1233 474 VERITATUM.
1546 421 1607 486 217

258 626 315 707 qui
338 628 386 692 ita
406 629 581 713 vilipendit
603 632 725 714 scripta
746 642 934 696 sanctorum
955 633 1129 698 doctorum
1146 633 1314 717 Jeronimi,
1333 632 1512 707 Ambrosii,
1534 630 1609 694 Au-

257 749 390 828 gustini,
405 760 438 814 et
455 749 613 833 Gregorii,
629 761 664 816 et
682 751 822 815 aliorum
843 752 986 836 plurium
1004 764 1204 832 sanctorum,
1219 755 1337 819 merito
1355 753 1417 817 fuit
1437 774 1457 816 a
1476 751 1609 814 milibus

257 866 431 932 hominum
447 871 479 934 in
495 892 555 935 sua
570 874 751 955 praesencia
766 874 986 939 existentibus
1004 876 1254 940 verecundatus.
1300 876 1425 939 Fatuus
1449 883 1500 938 est
1519 874 1608 938 enim

258 987 360 1054 homo
376 992 432 1074 qui
447 994 585 1075 sagittat
600 1004 637 1058 ut
652 994 802 1058 destruat
816 995 941 1074 solem;
964 997 1010 1060 sic
1024 997 1134 1061 fatuus
1150 997 1211 1062 suit
1226 997 1289 1061 iste
1305 996 1414 1060 Pecok
1433 995 1489 1077 qui
1507 994 1610 1058 verba

259 1112 434 1178 evomebat
450 1123 565 1177 contra
579 1125 712 1180 sanctos
726 1115 879 1180 doctores
894 1116 1109 1199 Jeronimum,
1121 1117 1348 1195 Ambrosium,
1361 1126 1394 1181 et
1406 1117 1488 1180 alios
1500 1115 1610 1200 plures

258 1241 391 1296 sanctos
411 1244 529 1316 patres,
547 1245 580 1299 et
601 1256 714 1298 eorum
734 1237 865 1319 scripta,
887 1257 965 1300 nam
981 1240 1112 1320 sagittae
1132 1260 1200 1302 suae
1221 1247 1336 1303 contra
1355 1237 1477 1324 scripta
1496 1254 1612 1300 eorum

259 1352 389 1416 emissae
418 1354 608 1418 ceciderunt
641 1376 740 1438 super
768 1366 868 1439 caput
905 1357 1007 1439 ipsius
1037 1358 1234 1440 sagittantis,
1264 1359 1398 1441 quando
1422 1357 1515 1440 justo
1546 1354 1612 1417 Dei

255 1471 381 1554 judicio
411 1494 536 1538 errores
561 1496 646 1554 suos,
673 1484 707 1539 et
732 1475 883 1552 haereses,
911 1488 946 1543 et
972 1478 1072 1542 libros
1098 1501 1176 1543 suos
1197 1479 1347 1563 proprios
1375 1477 1549 1560 abjuravit,
1577 1485 1612 1540 et

258 1592 348 1677 ipsos
378 1595 526 1659 comburi
556 1595 693 1677 optavit,
724 1606 758 1661 et
786 1598 945 1680 praecepit
976 1618 1087 1662 coram
1118 1620 1213 1664 cruce
1244 1600 1358 1663 Sancti
1389 1597 1491 1676 Pauli,
1521 1597 1613 1659 Lon·

259 1715 376 1790 doniis,
399 1737 486 1780 anno
509 1717 570 1780 Xti
594 1723 665 1780 m¹¹¹⁰
685 1724 797 1782 ccccmo
820 1720 1093 1802 quinquagesimo
1115 1720 1169 1803 vij,
1189 1721 1249 1804 iiij⁰
1271 1720 1327 1785 die
1348 1717 1555 1793 Decembris,
1578 1717 1612 1779 in

258 1855 325 1917 quo
355 1835 417 1902 suit
446 1846 524 1901 tunc
555 1836 592 1919 ij⁸
618 1838 785 1902 dominica
813 1840 977 1903 adventus
999 1839 1157 1918 Domini;
1187 1851 1222 1906 et
1251 1841 1298 1905 sic
1328 1841 1364 1903 in
1384 1839 1503 1903 eodem
1530 1837 1613 1913 loc0,

260 1955 316 2019 ubi
343 1957 414 2039 ipse
440 1957 552 2022 Pacok
582 1959 755 2042 episcopus
783 1957 997 2024 Cicestrensis
1022 1961 1258 2043 praedicaverat
1287 1962 1377 2044 prius
1407 1959 1497 2043 quod
1527 1957 1613 2040 epis·

258 2078 336 2175 copi
360 2099 427 2142 non
451 2088 605 2143 tenentur
626 2079 808 2162 praedicare
835 2080 959 2162 populo
986 2102 1054 2144 suae
1083 2083 1232 2160 diocesis,
1254 2083 1288 2145 in
1312 2082 1431 2147 eodem
1457 2080 1531 2144 loco
1553 2079 1612 2142 ab·

256 2197 383 2282 juravit
412 2199 512 2263 libros
544 2220 622 2262 suos
645 2200 795 2282 proprios
819 2200 852 2262 in
875 2201 996 2282 quibus
1025 2202 1080 2265 ille
1112 2223 1253 2285 magnus
1279 2223 1369 2268 error
1393 2201 1533 2282 scriptus
1563 2208 1614 2263 est

258 2340 319 2403 per
340 2341 426 2398 eum,
443 2330 476 2385 et
498 2321 719 2384 demandatus
739 2321 783 2385 ad
800 2320 1014 2385 Cantuariam
1034 2332 1112 2404 post
1134 2344 1228 2387 suam
1249 2322 1495 2405 abjuracionem
1515 2319 1612 2393 dixit,

258 2439 360 2523 ‘Wyt
377 2440 459 2504 hath
479 2442 618 2505 wundur
636 2440 711 2504 that
729 2461 824 2504 reson
846 2441 912 2504 kan
930 2451 989 2506 not
1008 2442 1074 2521 tel;
1101 2442 1176 2507 how
1193 2465 1214 2507 a
1233 2444 1350 2507 moder
1371 2443 1398 2505 is
1421 2440 1523 2524 mayd
1546 2440 1613 2503 and

261 2559 337 2625 God
361 2563 388 2625 is
408 2558 502 2641 man,'
521 2559 746 2646 (Gascoignd)
767 2561 875 2625 ‘Leve
897 2582 1003 2638 reson,
1019 2562 1134 2627 beleve
1154 2585 1198 2646 ye
1217 2563 1368 2642 wonder3
1393 2561 1514 2624 Beleve
1530 2559 1615 2623 hath

260 2691 389 2765 mastry
411 2684 477 2746 and
502 2703 596 2746 reson
623 2683 650 2745 is
675 2678 800 2745 under.’
845 2683 1025 2747 Praedictus
1052 2684 1162 2749 Pecok
1188 2685 1362 2768 episcopus
1388 2679 1613 2756 Cicestrensis,

260 2803 294 2866 in
327 2813 477 2886 tempore
510 2804 747 2886 archiepiscopi
781 2801 1028 2868 Cantuariensis
1061 2804 1207 2869 Stafford
1241 2804 1383 2881 nomine,
1412 2802 1546 2886 quando
1579 2802 1613 2863 in

260 2923 331 3006 ejus
353 2925 534 3008 praesencia
559 2924 712 2988 doctores
739 2924 885 3007 theologi
914 2924 1123 2989 Oxonienses
1150 2936 1183 2990 et
1211 2924 1499 3007 Cantabrigienses
1525 2922 1616 3004 lege·

260 3046 342 3109 bant
360 3047 450 3128 apud
474 3045 644 3120 Lamhith,
668 3045 800 3128 publice
823 3055 857 3109 et
879 3066 976 3129 saepe,
997 3047 1030 3109 in
1053 3047 1232 3128 praesencia
1254 3047 1355 3128 ipsius
1378 3042 1614 3126 archiepiscopi

261 3177 296 3231 et
311 3168 413 3250 ipsius
429 3166 538 3230 Pecok
554 3175 668 3229 contra
688 3165 761 3244 hoc,
776 3166 866 3248 quod
883 3167 953 3248 ipse
975 3167 1086 3230 Pecok
1103 3169 1340 3249 praedicaverat
1360 3167 1451 3249 quod
1467 3163 1613 3248 episcopi

260 3307 327 3350 non
343 3296 497 3351 tenentur
511 3287 643 3370 publice
658 3287 847 3369 praedicare,
858 3296 892 3351 et
907 3298 1096 3352 sanctorum
1110 3297 1242 3370 patrum
1257 3287 1484 3352 sanccionibus
1499 3293 1615 3350 contra

259 3409 369 3492 ipsum
391 3411 583 3492 episcopum
602 3408 713 3472 Pacok
730 3408 889 3492 allegatis,
911 3409 1134 3492 respondebat
1155 3409 1225 3493 ipse
1245 3407 1355 3473 Pacok
1377 3401 1526 3471 ‘Tuchl’
1552 3405 1574 3469 i.
1584 3424 1612 3467 e.

260 3535 271 3568 ‘
280 3529 371 3595 Vath
383 3528 407 3592 l'
437 3532 479 3594 de
494 3531 592 3595 dictis
607 3530 788 3605 doctorum,
805 3540 838 3594 et
853 3529 936 3593 alias
953 3531 999 3594 sic
1015 3531 1124 3596 dixit:
1156 3531 1287 3614 ‘Quare
1302 3551 1361 3594 vos
1376 3550 1442 3592 non
1461 3526 1612 3609 allegatis

259 3662 397 3731 vosmet,
420 3673 496 3717 cum
516 3653 594 3717 estis
617 3653 779 3730 doctores,
802 3663 840 3717 ut
865 3651 1053 3734 Jeronimus
1081 3662 1114 3716 et
1140 3650 1384 3734 Augustinus?'
1413 3661 1447 3715 et
1474 3649 1520 3713 sic
1545 3666 1612 3711 non

259 3774 384 3839 curavit
410 3775 608 3857 descriptis
634 3784 824 3839 sanctorum
851 3775 1034 3852 doctorum,
1060 3795 1148 3856 ergo,
1170 3774 1261 3856 justo
1289 3773 1354 3837 Dei
1380 3771 1515 3854 judicio,
1537 3767 1611 3832 libri

260 3896 363 3979 ipsius
379 3896 490 3960 Pacok
505 3895 636 3961 luerunt
652 3895 838 3979 reprehensi
855 3906 889 3961 et
905 3896 1070 3960 combusti
1086 3896 1268 3959 Londoniis
1283 3905 1362 3960 ante
1376 3913 1506 3958 crucem
1522 3890 1611 3954 beati

260 4016 354 4083 Pauli
373 4017 525 4102 apostoli,
545 4029 579 4084 et
597 4019 701 4083 eciam
725 4018 758 4080 in
778 4017 924 4101 generali
943 4017 1151 4101 processione
1172 4017 1393 4083 universitatis
1412 4014 1557 4081 Oxoniae
1577 4011 1610 4074 in

519 4207 525 4236 ¹
542 4207 597 4257 The
609 4207 719 4258 author's
730 4223 803 4257 name
815 4208 835 4256 is
847 4208 946 4257 written
959 4206 1037 4257 under
1048 4206 1098 4256 and
1110 4207 1134 4255 in
1148 4206 1190 4257 the
1201 4221 1269 4255 same
1280 4205 1354 4256 hand.

912 4325 965 4388 ns
