3818 4904
302 389 362 450 142
674 379 773 435 LOCI
799 380 829 432 E
858 379 980 432 LIBRO
1016 379 1274 434 VERITATUM.

299 594 562 659 conclusionibus
578 594 654 674 suiS,
671 604 704 658 et
720 594 795 657 ideo
813 593 899 656 dixit
915 604 1010 657 terrae
1030 603 1157 657 motum
1173 595 1241 657 fieri
1258 594 1447 672 insolitum;
1470 593 1503 656 in
1519 592 1650 676 signum

300 717 389 797 quod
411 725 497 779 terra
520 716 642 779 clamat
666 735 726 797 pro
749 736 800 790 eo,
823 725 856 778 et
879 724 957 778 tunc
980 715 1140 796 depravat
1163 715 1196 777 in
1220 714 1291 778 aliis
1314 715 1405 779 libris
1428 715 1593 792 miracula,
1618 726 1653 779 et

299 837 464 919 praecipue
488 837 521 898 in
545 835 689 918 capitulo
711 835 767 918 36⁰
791 834 840 897 sui
861 834 1007 918 Trialogi
1032 836 1142 914 tercii3
1173 835 1440 898 canonizaciones
1462 844 1651 899 sanctorum

300 958 473 1040 vituperat,
495 966 545 1020 est
565 957 599 1020 in
619 955 765 1038 capitulo
789 955 842 1016 16⁰
862 955 896 1017 in
918 955 1073 1038 Dyalogo
1094 956 1143 1019 sui
1165 956 1298 1038 majoris
1319 956 1491 1019 mendacii.

388 1087 425 1152 [p.
441 1086 494 1154 94=l
533 1077 617 1140 Haec
637 1077 794 1160 magister
808 1074 976 1153 Albertus,
993 1076 1140 1139 Livoniae
1162 1087 1195 1140 et
1217 1077 1357 1141 Prusciae
1379 1076 1653 1159 archiepiscopus,

301 1207 335 1262 et
358 1197 550 1279 apostolicae
572 1197 660 1260 sedis
683 1197 820 1278 legatus,
840 1196 872 1258 in
894 1197 964 1260 vita
986 1218 1087 1278 quam
1110 1197 1239 1279 scripsit
1262 1198 1304 1260 de
1328 1195 1453 1261 Sancto
1472 1197 1654 1261 Edmundo

301 1317 548 1401 archiepiscopo
585 1318 754 1399 quondam
788 1316 1027 1380 Cantuariensi.
1083 1316 1148 1399 Qui
1181 1316 1325 1381 Sanctus
1356 1316 1555 1381 Edmundus
1591 1317 1654 1382 suit

302 1439 459 1521 magister
474 1437 609 1500 Artium
627 1436 779 1514 Oxoniae,
796 1447 829 1500 et
851 1436 969 1500 doctor
989 1436 1099 1515 Sacrae
1115 1436 1309 1520 Theologiae
1329 1437 1480 1513 Parisius,
1500 1446 1537 1501 ut
1558 1446 1654 1521 patet

301 1557 336 1622 in
358 1558 441 1622 libro
462 1559 539 1622 vitae
564 1558 664 1640 ipsius
688 1556 803 1622 Sancti
828 1557 1008 1621 Edmundi.

389 1688 428 1754 [p.
444 1687 498 1756 96.]
543 1686 713 1742 Malorum
730 1684 917 1756 hominum.
963 1678 1090 1742 Notum
1113 1686 1174 1752 est,
1198 1679 1288 1759 quod
1314 1699 1418 1761 nuper
1439 1699 1525 1742 unus
1548 1699 1654 1743 sacer·

302 1800 373 1875 dos,
393 1799 554 1882 spoliatus
575 1821 596 1862 a
619 1799 748 1862 duobus
772 1798 963 1874 latronibus,
985 1799 1070 1882 fugit
1092 1799 1135 1862 ab
1159 1799 1205 1862 eis
1228 1799 1261 1861 in
1283 1821 1343 1863 sua
1366 1799 1485 1878 tunica,
1509 1809 1543 1864 et
1565 1800 1654 1864 dixit

301 1920 374 1983 aliis
401 1921 535 1983 nomina
560 1941 682 1999 eorum,
705 1921 761 2002 qui
784 1940 860 1983 eurn
883 1919 1023 2002 spoliare
1049 1918 1092 1982 de
1118 1920 1272 1983 omnibus
1301 1920 1397 1983 bonis
1427 1920 1655 1985 intendebant.

304 2041 351 2105 Et
381 2041 442 2123 ipsi
473 2042 539 2104 duo
566 2042 709 2105 latrones
739 2048 911 2104 occurrunt
937 2041 979 2103 ad
1007 2049 1152 2119 castrum
1178 2041 1290 2104 militis
1321 2041 1414 2124 cujus
1440 2042 1523 2106 servi
1550 2051 1654 2119 erant,

303 2160 451 2226 dicentes
483 2182 519 2225 se
548 2162 676 2244 cepisse
703 2160 795 2239 illum
824 2161 1032 2224 sacerdotem
1059 2160 1223 2225 iurantem
1253 2161 1391 2239 ferinam
1423 2162 1457 2225 in
1486 2162 1567 2226 silva
1596 2163 1657 2226 do·

304 2281 394 2360 mini,
410 2292 444 2347 et
466 2282 556 2364 quod
579 2283 658 2365 ipse,
674 2291 790 2364 captus
813 2282 856 2345 ab
880 2281 935 2360 eis,
951 2281 1035 2376 sugit
1058 2282 1101 2344 ab
1125 2303 1238 2345 eorum
1259 2284 1423 2362 manibus,
1444 2291 1477 2347 et
1499 2282 1657 2365 fugiendo

304 2400 442 2485 projecit
467 2413 595 2485 vestem
622 2424 717 2467 suam
743 2403 953 2485 superiorem,
982 2411 1016 2466 et
1039 2403 1128 2484 quod
1154 2404 1215 2485 ipsi
1239 2415 1437 2487 acceperunt
1459 2413 1587 2468 vestem
1609 2405 1657 2469 sic

303 2498 486 2608 projectam
498 2551 506 2604 ;
534 2537 567 2590 et
589 2526 703 2591 statim
726 2525 862 2602 domina
884 2524 1014 2587 illorum
1037 2524 1212 2604 latronum,
1230 2546 1316 2589 uxor
1337 2526 1462 2602 militis,
1486 2525 1574 2590 misit
1596 2546 1657 2608 pro

304 2647 423 2710 eodem
446 2647 628 2726 sacerdote,
650 2646 793 2729 spoliato
814 2655 907 2708 vesta
933 2666 993 2724 sua
1019 2644 1194 2727 superiore,
1217 2656 1250 2709 et
1277 2666 1352 2708 eum
1375 2646 1598 2722 incarceravit,
1622 2655 1658 2710 et

305 2768 414 2849 ipsum
441 2767 567 2830 solvere
591 2787 613 2845 4
637 2768 736 2831 libras
760 2765 846 2844 lecit,
870 2767 971 2829 etiam
998 2766 1105 2848 ipsum
1132 2765 1242 2847 jurare
1266 2766 1344 2848 iecit
1370 2769 1459 2848 quod
1487 2787 1656 2849 nunquam

305 2887 525 2970 implacitaret
555 2886 629 2969 illos
659 2886 810 2963 latrones,
841 2886 884 2948 de
914 2885 981 2966 tali,
1009 2885 1106 2967 ‘quia
1136 2886 1170 2949 in
1200 2886 1374 2968 iniquitate
1402 2907 1461 2950 sua
1488 2887 1657 2967 morietur,

305 3006 386 3072 dicit
410 3008 510 3087 Deus,
534 3006 605 3072 etc’

393 3137 432 3204 [p.
452 3136 518 3202 un]
563 3135 665 3205 Mors.
711 3127 826 3210 Habet
849 3127 938 3191 idem
962 3128 1078 3191 doctor
1099 3127 1252 3205 dominus
1271 3127 1518 3210 Lynconiensis,
1537 3129 1659 3194 ’doctor

307 3248 476 3321 Robertus
506 3248 724 3325 Grosseteste,
756 3250 949 3335 praedictam
980 3248 1250 3331 explanationem
1280 3249 1314 3310 in
1347 3247 1568 3330 Expositione
1598 3271 1659 3313 sua

305 3369 439 3465 propria
465 3370 587 3453 scripta
617 3391 715 3454 super
746 3369 915 3453 Epistolas
941 3368 1121 3433 beatissimi
1154 3368 1257 3443 Pauli,
1288 3368 1430 3451 apostoli
1460 3378 1494 3433 et
1523 3370 1659 3454 virginis

306 3501 340 3567 et
363 3490 508 3555 doctoris
535 3492 632 3569 orbis,
654 3502 687 3555 et
714 3501 765 3556 est
788 3490 868 3554 illud
896 3490 1054 3573 scriptum
1081 3490 1207 3553 domini
1234 3489 1461 3553 Linconiensis
1483 3490 1527 3555 de
1557 3494 1658 3556 ma'nu

305 3634 366 3676 sua
389 3613 521 3695 propria
543 3613 627 3677 inter
649 3611 765 3676 fratres
782 3611 934 3690 Oxoniae,
954 3612 987 3674 in
1009 3611 1092 3674 libro
1116 3611 1290 3694 registrato
1313 3612 1476 3695 Epistolae
1500 3612 1593 3675 Pauli
1611 3611 1657 3676 A.

307 3733 355 3799 Et
383 3735 550 3817 expositio
580 3734 705 3798 domini
736 3733 964 3796 Linconiensis
997 3732 1031 3795 in
1061 3731 1118 3795 illo
1149 3731 1232 3796 libro
1262 3733 1415 3797 scribitur
1447 3733 1481 3796 in
1511 3732 1660 3817 margine

307 3855 394 3919 illius
424 3856 506 3935 libri,
532 3865 565 3920 et
593 3856 638 3919 ibi
667 3856 806 3937 exponit
827 3863 933 3918 certos
959 3862 1074 3918 textus
1100 3854 1191 3919 beati
1216 3853 1308 3917 Pauli
1334 3853 1486 3937 apostoli,
1510 3854 1569 3918 sed
1592 3875 1659 3918 non

307 3996 433 4055 omnes,
455 3987 489 4041 et
520 3978 621 4041 etiam
647 3977 751 4060 glosae
776 3976 958 4041 communis
982 3997 1040 4039 seu
1068 3975 1290 4058 exposicionis
1312 3975 1507 4039 communis.
1554 3974 1660 4041 Glosa

306 4098 395 4162 enim
413 4100 439 4162 si
459 4099 588 4164 dicatur
606 4100 639 4162 in
657 4097 766 4181 vulgo.
789 4097 916 4181 Aliquo
934 4106 1071 4180 putatur
1092 4097 1239 4162 felicitas.
1278 4097 1404 4161 Dicunt
1427 4097 1515 4161 enim
1539 4096 1659 4161 diversi

307 4217 452 4284 haeretici
480 4221 568 4304 quod
599 4220 752 4285 doctores
778 4221 883 4284 sancti
913 4220 1061 4304 putative
1085 4218 1216 4303 glosant
1243 4217 1451 4303 evangelium
1477 4219 1659 4283 secundum
