3818 4904
672 425 770 479 LOCI
795 425 825 477 E
853 424 978 478 LIBRO
1014 425 1273 478 VERITATUM.
1588 414 1649 496 189

295 641 548 722 praedicatorum
578 641 696 703 famosi
718 639 851 704 fuerunt
878 640 1035 721 magister
1063 638 1232 702 Gilbertus
1255 638 1512 721 Wurthyngton,
1543 647 1650 704 rector

296 761 443 826 ecclesiae
467 761 581 825 Sancti
606 760 753 825 Andreae
785 763 818 823 in
851 759 1035 838 Holburne,
1062 759 1255 836 Londoniis,
1283 767 1317 824 et
1343 761 1500 841 magister
1522 758 1650 823 Willel·

296 902 369 945 mus
406 881 588 964 Lyttfelde,
625 892 732 945 rector
765 880 913 945 ecclesiae
944 880 1104 945 Omnium
1143 879 1352 957 Sanctorum,
1386 879 1579 956 Londoniis,
1614 889 1649 946 et

296 1002 454 1083 magister
481 1003 596 1067 Petms
625 1004 667 1066 de
695 1002 864 1083 Beverley,
891 999 973 1063 alias
1001 1000 1164 1076 Hirlorth,
1191 1002 1345 1065 doctores
1374 1000 1492 1063 famosi
1523 1000 1555 1062 in
1582 1000 1650 1064 vita

296 1132 330 1185 et
367 1123 509 1187 sciencia
545 1123 588 1186 de
619 1122 778 1186 cathedra
813 1119 1046 1201 Cantabrigiae,
1077 1130 1113 1184 et
1149 1120 1266 1184 doctor
1304 1121 1452 1184 Thomas
1490 1119 1649 1195 Eburhal,

296 1242 510 1318 Oxoniensis,
540 1243 596 1326 qui
627 1254 706 1306 tunc
736 1242 798 1305 luit
829 1242 987 1323 magister
1019 1240 1148 1322 collegii
1179 1241 1313 1305 Ricardi
1339 1240 1563 1324 Wittyngton,
1593 1242 1649 1323 qui

295 1383 413 1427 omnes
450 1363 587 1440 sortiter,
620 1363 729 1425 verbis
767 1371 800 1425 et
837 1362 1014 1442 scripturis,
1050 1362 1247 1439 restiterunt,
1280 1381 1355 1425 cum
1389 1364 1478 1425 bono
1514 1362 1651 1425 doctore

296 1483 522 1566 Myllyngton,
548 1493 662 1547 contra
694 1481 917 1563 Reginaldum
949 1481 1067 1555 Pecok,
1095 1482 1286 1563 episcopum
1317 1492 1389 1546 tum
1415 1481 1649 1554 Assavensem,

295 1614 414 1686 postea
449 1603 688 1668 cicestrensem
727 1602 928 1683 episcopum,
965 1621 1025 1683 per
1061 1600 1179 1665 ducem
1218 1601 1412 1667 Suthlolciae
1445 1601 1648 1666 Willelmum

296 1723 416 1786 Powle.
462 1723 530 1787 Iste
557 1724 645 1786 enim
672 1723 857 1805 episcopus,
880 1720 1038 1785 Wallicus
1064 1722 1198 1803 origine,
1223 1723 1414 1805 praedicavit
1444 1724 1534 1805 quod
1564 1723 1650 1804 epis-

295 1844 370 1925 copi
391 1864 457 1906 non
477 1844 675 1907 tenebantur
695 1843 883 1924 praedicare,
904 1863 944 1904 eo
966 1842 1056 1923 quod
1079 1843 1225 1924 episcopi
1245 1854 1343 1919 sunt3
1367 1851 1401 1908 et
1422 1844 1516 1925 quasi
1535 1863 1650 1906 omnes

295 1965 442 2046 episcopi
465 1963 600 2045 Angliae
624 1974 703 2027 tunc
730 1964 759 2026 ei
782 1962 948 2037 favebant,
972 1961 1025 2025 vel
1049 1961 1169 2026 saltem
1192 1963 1221 2026 ei
1252 1984 1318 2027 non
1340 1965 1588 2046 repugnabant:
1615 1973 1649 2027 et

215 2162 224 2171 .
293 2085 409 2148 statim
439 2096 555 2166 postea
589 2084 794 2148 inundabant
825 2084 1081 2147 insurrecciones
1115 2094 1230 2148 contra
1264 2085 1435 2149 ecclesiam
1470 2095 1504 2149 et
1533 2094 1649 2150 contra

294 2225 417 2287 regem,
441 2227 500 2288 per
527 2206 617 2270 milia
641 2206 822 2279 hominum,
847 2205 902 2286 qui
925 2205 1092 2279 dixemnt,
1115 2205 1358 2271 ‘Ecclesiastici
1381 2209 1555 2271 destruunt
1577 2225 1648 2281 noS,

295 2327 352 2407 qui
375 2327 471 2390 bonis
493 2327 560 2391 suis
587 2326 678 2390 laute
700 2327 823 2403 vivunt,
846 2335 880 2388 et
906 2345 967 2388 nos
991 2325 1102 2388 inedia
1125 2327 1280 2408 perimus,
1304 2337 1338 2391 et
1360 2347 1471 2410 regem
1494 2328 1649 2391 destrux-

295 2455 391 2509 erunt
419 2447 473 2510 vel
502 2447 671 2510 adulando
704 2447 758 2510 vel
792 2444 955 2509 tacendo?
1009 2445 1094 2510 Haec
1124 2457 1193 2510 erat
1221 2468 1290 2511 vox
1321 2448 1475 2531 puplica3
1508 2459 1542 2513 et
1576 2448 1648 2510 dux

295 2565 472 2645 Suffolciae,
503 2578 537 2633 et
567 2567 741 2649 episcopus
764 2566 892 2643 Sarum,
916 2564 1024 2643 Asku,
1050 2574 1084 2629 et
1107 2566 1251 2647 Jacobus
1279 2568 1402 2650 Fynys,
1426 2569 1579 2631 dominus
1605 2569 1648 2632 de

295 2686 376 2769 Say,
403 2688 503 2751 occisi
533 2687 664 2751 luerunt
691 2708 749 2770 per
778 2687 1053 2751 communitatem
1083 2707 1171 2750 anno
1198 2688 1335 2752 Domini
1365 2704 1467 2770 14503
1501 2700 1535 2753 et
1565 2709 1648 2771 prae-

294 2808 403 2872 dictus
428 2809 612 2890 episcopus
636 2818 670 2872 et
697 2808 852 2871 dominus
878 2807 1056 2889 praedictus
1081 2806 1259 2888 Johannes,
1285 2809 1417 2875 suerunt
1442 2810 1539 2874 occisi
1566 2809 1649 2872 infra

295 2949 395 2992 unam
422 2931 652 3011 septimanam,
676 2932 851 3011 episcopus
878 2928 990 2991 indie
1016 2939 1206 2992 sanctorum
1230 2929 1471 3012 Apostolorum
1500 2930 1588 2996 Petri
1615 2941 1649 2996 et

295 3050 399 3125 Pauli,
426 3071 470 3115 sc.
493 3051 574 3115 seria
599 3060 640 3130 2²,
663 3052 789 3115 occisus
816 3049 885 3127 luit,
911 3058 945 3112 et
973 3049 1126 3112 dominus
1150 3050 1295 3131 Jacobus
1322 3052 1382 3116 luit
1408 3053 1535 3116 occisus
1558 3052 1648 3115 Lon-

294 3171 403 3235 doniis
425 3173 579 3253 proximo
601 3172 762 3249 sabbat03
786 3180 820 3234 et
840 3171 982 3233 durante
1002 3169 1225 3234 Parliamento
1246 3171 1446 3255 Laycestriae
1470 3173 1648 3237 insurrexit

295 3293 434 3355 comitas
450 3293 598 3371 Kanciae,
621 3302 654 3357 et
675 3293 838 3357 vocabant
859 3292 985 3373 seipsos
1003 3290 1153 3373 puplicos
1169 3294 1328 3373 petitores
1347 3294 1488 3378 puplicae
1506 3294 1647 3376 justiciae

296 3412 423 3491 fiendae,
440 3422 472 3477 et
492 3415 633 3495 propriae
654 3434 722 3476 suae
738 3412 862 3494 injuriae
882 3426 915 3476 et
931 3414 1022 3495 regni
1042 3424 1237 3490 ostensores,
1255 3425 1288 3479 et
1304 3417 1383 3497 ipsis
1405 3416 1648 3498 insurgentibus

294 3533 548 3615 parliamentum
573 3534 652 3597 illud
677 3534 807 3598 finitum
830 3535 901 3610 suit,
926 3535 1015 3616 quod
1038 3535 1094 3597 diu
1117 3536 1346 3600 continuatum
1369 3547 1440 3602 erat
1464 3536 1648 3600 Londoniis

295 3666 329 3718 et
353 3654 564 3736 Laycestriae,
580 3664 616 3719 ut
639 3654 861 3718 communitas
883 3665 1065 3737 aggravata
1087 3658 1243 3738 expensis
1266 3668 1300 3720 et
1323 3657 1489 3721 laboribus
1511 3677 1648 3721 consen·

295 3777 372 3839 tiret
394 3777 492 3839 certis
512 3776 729 3858 peticionibus
752 3777 846 3857 regis,
870 3785 902 3840 et
927 3777 1025 3840 certis
1047 3778 1144 3855 taxis
1161 3798 1244 3859 quas
1265 3780 1384 3861 peciit3
1411 3779 1469 3842 sed
1493 3798 1648 3842 concessa

295 3915 362 3959 non
392 3896 524 3960 luerunt
551 3917 626 3978 quae
655 3897 761 3980 petita
789 3906 883 3960 erant
909 3917 929 3960 a
959 3917 1045 3978 rege,
1073 3899 1198 3962 dictum
1230 3901 1318 3962 enim
1348 3899 1410 3964 luit
1440 3900 1472 3961 in
1505 3899 1647 3981 puplico,

294 4018 394 4099 quod,
419 4018 479 4080 nisi
508 4021 729 4083 communitas
755 4017 891 4099 Angliae
914 4018 1060 4082 articulis
1089 4021 1266 4101 propositis
1297 4022 1505 4095 consentiret,
1528 4020 1648 4103 parlia-

295 4148 444 4202 mentum
472 4159 538 4202 non
562 4139 727 4216 fineretur,
747 4151 782 4203 et
807 4139 918 4221 plures
945 4140 1051 4204 minas
1078 4150 1112 4204 et
1134 4162 1155 4204 a
1177 4162 1254 4224 rege
1281 4151 1315 4206 et
1342 4162 1362 4204 a
1384 4142 1451 4205 suis
1472 4141 1648 4223 juvenibus

294 4259 485 4324 consiliariis
515 4261 669 4326 sustinuit
699 4263 921 4330 communitas
951 4261 1046 4326 istius
1075 4262 1293 4344 parliamenti.
1346 4263 1391 4326 Et
1421 4264 1454 4326 in
1480 4264 1647 4327 mandatis
