3818 4904
679 448 779 504 LOCI
803 449 832 504 E
861 449 985 505 LIBRO
1020 450 1279 507 VERITATUM.
1611 457 1652 528 75

302 682 404 745 quam
428 661 597 745 proposuit
620 681 728 726 coram
753 661 844 745 Papa
863 663 1060 727 Innocencio
1084 674 1118 728 et
1141 664 1370 742 cardinalibus,
1393 664 1538 729 ostendit
1561 664 1652 746 quod

303 804 377 847 cum
404 782 491 847 facta
515 793 564 847 est
588 782 663 847 talis
685 781 895 846 ecclesiarum
919 784 1154 866 appropriacio,
1179 785 1267 849 sacta
1291 793 1341 848 est
1368 786 1401 848 in
1425 785 1563 849 ecclesia
1588 783 1652 848 Dei

301 904 450 966 omnium
481 902 641 966 malorum
672 903 892 984 perpetuacio,
922 913 956 967 et
988 904 1129 968 eandem
1163 904 1404 969 conclusionem
1442 905 1587 969 ostendit
1617 905 1652 967 in

303 1023 464 1088 Sermone
483 1044 543 1085 suo
567 1023 698 1106 egregio
720 1023 763 1086 de
786 1043 862 1086 cura
886 1023 1049 1105 pastorali,
1072 1025 1128 1106 qui
1150 1025 1271 1108 incipit,
1289 1025 1405 1088 ‘Natis
1428 1034 1462 1089 et
1484 1020 1651 1089 educatis'

302 1143 370 1226 Qui
392 1144 479 1208 enim
501 1142 595 1206 altari
612 1143 672 1206 Xti
693 1142 846 1219 serviunt,
862 1143 905 1206 de
919 1143 1039 1207 oblatis
1055 1144 1126 1208 Xto
1141 1145 1272 1221 vivant3
1296 1165 1361 1207 non
1381 1145 1461 1209 dicit
1481 1143 1653 1227 apostolus

300 1264 345 1327 de
359 1263 479 1327 oblatis
493 1263 587 1326 altari
603 1262 728 1326 deliciis
744 1262 930 1326 nutriantur
944 1264 1140 1346 pompatice,
1153 1274 1186 1329 et
1203 1285 1293 1329 more
1308 1266 1460 1346 gencium
1476 1265 1650 1347 stipentur,

302 1393 336 1448 et
358 1392 523 1461 ornentur,
539 1403 598 1446 nec
621 1383 710 1466 quod
735 1382 857 1446 fercula
881 1383 1148 1465 multiplicentur,
1167 1405 1258 1448 more
1273 1385 1457 1467 gentilium.
1501 1383 1653 1458 ‘Vidua,'

301 1502 609 1585 inquitApostolus,
627 1504 676 1566 ‘in
689 1503 813 1566 deliciis
828 1503 948 1580 vivens,
961 1514 1091 1567 mortua
1106 1503 1173 1582 est,’
1189 1505 1246 1568 ie.
1261 1514 1414 1587 separata
1425 1526 1446 1568 a
1457 1505 1520 1568 Dei
1532 1505 1651 1586 gracia,

301 1644 380 1706 ergo
398 1623 623 1704 multomagis
643 1622 741 1686 altior
762 1622 920 1705 professio
940 1624 973 1685 in
994 1623 1118 1687 deliciis
1142 1624 1313 1706 prohibitis
1332 1625 1453 1690 vivens.
1499 1623 1650 1707 Oquam

300 1753 416 1808 sancta
442 1763 493 1806 res
522 1751 619 1817 esset,
642 1743 669 1806 si
699 1764 776 1807 cura
806 1743 989 1805 animarum
1019 1742 1132 1808 debita
1161 1755 1249 1809 esset
1277 1744 1484 1808 solicitudine
1511 1745 1651 1826 provisa,

300 1874 339 1928 ut
354 1873 463 1928 essent
478 1872 626 1947 pastores
641 1863 816 1946 vigilantes
832 1873 865 1927 et
880 1864 1104 1928 custodientes
1118 1885 1254 1947 gregem
1269 1885 1375 1942 suum,
1390 1873 1424 1928 et
1440 1885 1499 1947 per
1513 1865 1650 1928 modum

300 1995 471 2068 perpetuae
496 1983 682 2048 elemosinae
709 1984 830 2047 sanctis
858 1993 892 2047 et
917 1984 1048 2048 devotis
1074 1985 1233 2068 religiosis
1263 1985 1437 2068 pensiones
1462 2006 1580 2048 annuae
1607 1984 1653 2048 de

300 2105 430 2188 magnis
446 2103 590 2169 ecclesiis
605 2112 640 2168 et
654 2105 768 2168 officiis
790 2103 907 2168 solutae
931 2114 1040 2168 essent
1062 2106 1240 2184 annuatim,
1256 2127 1299 2169 ne
1318 2106 1418 2169 nimia
1433 2114 1467 2169 et
1483 2106 1652 2168 mundana

300 2226 519 2308 occupacione
546 2226 589 2288 ab
615 2224 754 2288 actubus
780 2225 1003 2308 spiritualibus
1032 2225 1182 2290 scienciae
1208 2236 1242 2291 et
1266 2228 1425 2290 virtutum
1455 2227 1488 2288 in
1518 2233 1650 2289 tantum

299 2345 533 2428 elongarentur
553 2355 590 2410 ut
605 2347 753 2409 moderni
773 2346 871 2410 sunt!
915 2346 1057 2411 Sanctus
1078 2347 1165 2410 enirn
1186 2358 1288 2429 pater,
1306 2356 1341 2411 et
1360 2348 1478 2410 doctor
1491 2345 1652 2429 egregius,

298 2464 516 2549 Augustinus,
540 2466 736 2549 Ipponensis
760 2467 941 2548 episcopus,
965 2469 1074 2549 potius
1100 2467 1227 2549 optavit
1250 2488 1285 2530 se
1309 2475 1344 2530 et
1367 2486 1444 2529 suos
1470 2464 1652 2529 confratres

298 2587 408 2651 vivere
431 2588 474 2650 de
498 2587 644 2669 pecuniis
666 2588 696 2651 ei
720 2587 848 2662 oblatis,
874 2607 974 2670 quam
998 2589 1041 2651 de
1067 2587 1261 2662 redditibus,
1283 2586 1377 2662 villis,
1401 2594 1436 2650 et
1457 2586 1553 2669 agris,
1573 2605 1651 2667 quae

299 2728 456 2790 magnam
483 2717 517 2772 et
542 2708 704 2771 diversam
731 2709 871 2790 exigunt
897 2707 1148 2787 solicitudinem,
1172 2717 1206 2772 et
1233 2706 1493 2788 implicacionem
1516 2705 1649 2788 spiritus

299 2850 320 2893 a
349 2829 491 2911 puritate
520 2827 756 2910 speculacionis
779 2836 813 2892 et
836 2849 923 2892 verre
946 2828 1142 2904 affeccionis,
1163 2849 1221 2892 seu
1245 2827 1441 2904 dileccionis,
1470 2831 1504 2891 et
1523 2827 1598 2892 ideo
1621 2801 1667 2890 si

299 2950 461 3033 potuisset
483 2949 530 3012 sic
553 2947 682 3021 habere,
705 2948 882 3031 optabilius
906 2949 953 3013 sic
974 2948 1084 3012 vivere
1107 2949 1211 3013 voluit
1232 2948 1351 3013 beatus
1373 2947 1589 3030 Augustinus,
1612 2954 1651 3009 ut

299 3079 441 3134 testatur
468 3070 635 3133 Possidius
663 3067 870 3133 Calamensis
895 3068 1068 3153 episcopus
1098 3069 1131 3132 in
1157 3068 1226 3133 vita
1249 3087 1349 3151 quarn
1379 3065 1508 3148 scripsit
1533 3063 1652 3131 Sancti

297 3190 487 3274 Augustini,
504 3191 560 3272 qui
580 3190 641 3253 fuit
656 3189 834 3273 discipulus
852 3189 1001 3273 ejusdem
1017 3188 1132 3254 Sancti
1148 3188 1327 3272 Augustini
1347 3187 1415 3251 sere
1435 3208 1494 3270 per
1508 3187 1652 3269 quadra-

298 3312 392 3393 ginta
418 3331 531 3375 annos.
589 3310 620 3376 O
650 3318 729 3376 vost
760 3311 817 3395 qui
843 3310 954 3375 vivitis
978 3312 1020 3375 de
1049 3310 1144 3374 bonis
1175 3309 1386 3374 ecclesiarum
1413 3305 1649 3391 parochialium

297 3432 392 3496 vobis
416 3432 643 3515 appropriatis,
666 3433 776 3497 videte
799 3452 842 3497 an
869 3452 945 3495 cura
971 3432 1155 3495 animarum
1181 3430 1309 3494 illarum
1339 3428 1462 3492 habeat
1493 3426 1652 3509 requisita

298 3573 394 3632 curae,
420 3562 454 3617 et
477 3552 575 3616 saluti
602 3553 794 3631 animamm,
817 3553 1029 3616 attendentes
1053 3550 1153 3614 verba
1181 3548 1402 3615 Ecclesiastici
1426 3547 1498 3629 iiij0,
1522 3545 1649 3610 ‘Male-

298 3673 438 3739 dicentis
464 3673 525 3737 tibi
550 3674 747 3738 exaudietur
766 3673 913 3756 precatio
925 3695 935 3753 ;
956 3673 1113 3737 exaudiet
1128 3671 1220 3734 illum
1243 3671 1299 3754 qui
1322 3669 1399 3733 secit
1421 3666 1535 3731 illurn.⁵
1580 3666 1650 3731 Sed

299 3794 384 3858 sorte
413 3793 506 3870 dicis,
532 3794 643 3858 ‘Male
673 3794 772 3859 michi
806 3793 983 3872 maledicit,
1013 3802 1047 3857 et
1077 3793 1153 3857 ideo
1184 3792 1276 3855 Deus
1307 3790 1414 3874 justus
1444 3789 1552 3871 ipsum
1582 3807 1651 3851 non

297 3912 476 3980 exaudiet?
521 3916 650 3980 Revera
673 3915 811 3980 miseriae
834 3937 911 3992 suae,
934 3923 968 3978 et
993 3923 1131 3996 peccata
1152 3933 1220 3992 sua,
1243 3921 1277 3976 et
1299 3910 1446 3975 desectus
1469 3929 1555 3973 curae
1577 3905 1649 3990 ejus

297 4039 499 4114 necessariae,
527 4045 560 4101 et
590 4036 737 4101 desectus
768 4048 844 4101 tuus
873 4057 933 4119 per
960 4055 1061 4119 quem
1087 4034 1176 4098 bona
1205 4054 1290 4099 curae
1319 4042 1353 4096 et
1381 4030 1489 4094 bonus
1517 4037 1651 4094 curatus

296 4159 516 4237 retrahuntur,
543 4157 633 4240 juste
665 4169 783 4240 petunt
816 4167 850 4222 et
884 4157 1025 4240 exigunt
1058 4177 1078 4220 a
1110 4156 1184 4220 Deo
1216 4173 1351 4238 poenam
1384 4162 1543 4216 aeternam
1577 4149 1647 4224 tibi,

226 4282 233 4296 '
296 4282 354 4363 qui
390 4301 487 4344 causa
524 4300 560 4343 es
597 4279 721 4357 talium,
756 4289 793 4344 ut
831 4279 976 4345 ostendit
1014 4279 1128 4342 doctor
1165 4275 1376 4353 auctenticus,
1408 4283 1442 4338 et
1475 4270 1651 4337 cardinalis

945 4396 1001 4446 La
