3818 4904
664 448 764 504 LOCI
789 448 819 502 E
847 445 972 502 LIBRO
1008 445 1267 504 VERITATUM.
1602 455 1644 524 93

288 660 395 743 prima
415 663 458 727 ad
479 662 676 728 Corintheos
697 662 742 739 8⁰,
758 664 901 728 ‘Videte
922 685 963 727 ne
985 663 1070 727 sorte
1085 664 1155 728 haec
1177 663 1313 728 licencia
1331 674 1450 744 vestra,
1470 682 1514 728 sc.
1535 685 1646 729 come·

288 781 391 846 dendi
415 804 538 860 carnes,
559 784 795 849 offendiculum
818 784 877 849 fiat
898 783 1052 861 infirmis⁵
1074 784 1131 848 i.e.
1151 783 1263 847 videte
1283 804 1325 847 ne
1348 784 1484 849 licencia
1504 785 1547 848 sit
1569 783 1646 848 talis

289 904 378 966 unde
404 904 459 967 alii
486 905 703 983 offendantur,
726 905 785 969 ie.
807 905 850 968 ad
874 913 1047 987 peccatum
1072 914 1286 982 moveantur3
1317 914 1351 968 et
1372 904 1484 968 videte
1507 924 1548 967 ne
1573 903 1647 969 haec

289 1021 427 1088 licencia
448 1026 491 1088 sit
512 1045 611 1088 causa
632 1024 686 1088 vel
708 1024 837 1089 occasio
860 1024 949 1087 unde
971 1023 1059 1087 mala
1081 1034 1115 1087 et
1138 1034 1274 1105 peccata
1298 1024 1453 1102 oriantur,
1477 1024 1530 1088 vel
1557 1026 1646 1089 unde

290 1143 379 1206 bona
399 1143 564 1222 deficiant,
580 1166 638 1208 seu
660 1145 881 1208 destruantur.
927 1144 1014 1206 Novi
1036 1143 1124 1206 enim
1146 1164 1301 1227 magnam
1323 1165 1434 1209 curam
1457 1145 1490 1208 in
1510 1144 1648 1209 ecclesia

290 1264 469 1346 parochiali
508 1266 643 1340 destrui,
678 1286 718 1328 eo
753 1265 843 1347 quod
880 1264 1092 1347 appropriata
1130 1275 1182 1328 est
1222 1285 1297 1328 unae
1333 1285 1464 1348 magnae
1500 1264 1648 1330 ecclesiae

292 1383 483 1462 cathedrali,
512 1405 589 1467 quae
622 1406 683 1467 pro
713 1384 771 1447 illa
801 1384 1075 1467 appropriacione
1104 1405 1172 1466 qua
1202 1404 1269 1447 non
1299 1385 1450 1468 indigent
1480 1385 1584 1450 semel
1614 1387 1648 1448 in

291 1525 381 1568 anno
402 1504 512 1568 dicere
534 1515 666 1570 tenetur
688 1506 848 1587 exequias
873 1525 934 1586 pro
957 1504 1070 1567 anima
1095 1504 1200 1581 unius,
1223 1504 1300 1586 quia
1326 1525 1420 1569 curas
1447 1504 1556 1588 plures
1577 1507 1648 1569 ani-

292 1645 420 1688 marum
451 1625 625 1704 destruxit,
655 1635 690 1689 et
720 1625 787 1689 lere
817 1625 907 1689 omni
937 1624 992 1688 die
1024 1644 1084 1706 per
1118 1624 1229 1707 plures
1259 1646 1364 1688 annos
1396 1635 1474 1690 ante
1507 1635 1648 1691 mortem

292 1766 387 1809 suam
408 1745 516 1808 ebrius
531 1745 603 1808 fuit.
647 1745 777 1808 ‘Liberi
793 1745 872 1808 facti
893 1745 973 1809 estis
988 1741 1145 1826 peccato,’
1162 1745 1270 1827 inquit
1285 1745 1465 1828 apostolus,
1480 1747 1531 1810 i.e.
1547 1747 1650 1811 libere

292 1874 327 1929 et
357 1865 428 1929 sine
457 1865 697 1948 impedimento
727 1866 872 1948 peccatis
901 1875 935 1929 et
962 1865 1005 1928 ad
1032 1867 1309 1947 dampnacionem
1339 1867 1477 1944 curritis,
1500 1867 1650 1932 dicentes

293 1976 384 2064 lals'e,
408 1985 505 2050 ‘Non
526 2006 703 2067 peccamus
726 1987 805 2068 quia
827 1985 1000 2049 licenciam
1023 1985 1068 2050 ab
1091 1984 1226 2048 homine
1249 1986 1292 2048 ad
1316 1987 1440 2051 malum
1462 1987 1650 2053 faciendum

292 2103 474 2169 habemus?
519 2106 679 2189 Magnam
700 2106 789 2170 enim
810 2114 1011 2190 potestatem
1032 2106 1125 2170 dedit
1147 2106 1311 2169 Dominus
1332 2108 1453 2172 vicario
1473 2129 1533 2171 suo
1553 2129 1650 2191 papae

293 2227 450 2305 ecclesiae,
481 2236 517 2290 ut
551 2247 673 2310 magna
703 2226 792 2290 mala
825 2225 1027 2302 reformaret,
1055 2247 1212 2309 magnam
1239 2228 1329 2308 quod
1360 2224 1480 2294 saceret
1510 2229 1651 2294 aedifica-

294 2348 423 2412 cionem
443 2347 607 2411 bonorum
628 2357 772 2422 actuum,
789 2348 852 2410 sibi
867 2347 981 2410 dicens
1001 2348 1110 2425 verba,
1126 2368 1200 2429 quae
1222 2347 1310 2411 dixit
1330 2349 1503 2430 Jeremiae:
1534 2350 1651 2414 ‘Posui

293 2465 347 2546 te‚'
359 2468 466 2550 inquit
480 2468 655 2544 Dominus,
668 2472 722 2532 ‘ut
738 2467 868 2546 evellaS,
880 2469 1040 2546 destruas,
1054 2477 1087 2531 et
1099 2468 1279 2550 disperdas,
1292 2478 1325 2531 et
1338 2469 1486 2550 dissipes,
1498 2470 1652 2548 aedifices,

294 2597 329 2654 et
350 2589 676 2672 plantes,'-evellas,
695 2588 753 2652 i.e.
772 2588 924 2652 docendo
949 2598 982 2651 et
1005 2589 1198 2669 corrigendo
1218 2587 1339 2652 evellas
1362 2609 1484 2672 magna
1508 2600 1541 2653 et
1565 2592 1652 2654 radi·
1683 2570 1688 2585 ’

294 2719 370 2774 cata
403 2718 437 2773 et
467 2720 625 2772 consueta
659 2718 806 2791 peccata,
837 2708 938 2789 longo
973 2730 1032 2771 usu
1066 2708 1277 2785 continuata3
1314 2709 1464 2772 destruas
1495 2731 1588 2789 nova,
1619 2721 1653 2775 et

295 2830 423 2893 minora
440 2829 546 2906 mala;
570 2828 701 2911 plantes
717 2829 862 2906 virtutes,
876 2828 1027 2893 docendo
1046 2838 1080 2891 et
1095 2829 1310 2906 ostendendo,
1321 2828 1458 2892 verbum
1475 2830 1539 2894 Dei
1554 2831 1653 2895 semi·

295 2951 426 3028 nando;
456 2949 601 3013 aedifices
631 2948 686 3012 illa
712 2950 802 3012 bona
828 2949 1004 3012 nutriendo
1034 2958 1068 3012 et
1094 2949 1295 3031 perficiendo
1328 2950 1493 3033 exemplo,
1517 2952 1653 3030 auxili0,

296 3081 330 3135 et
345 3091 435 3153 saepe
450 3071 587 3134 verbum
602 3071 667 3134 Dei
685 3068 850 3134 mentibus
869 3056 1079 3134 audiencium
1096 3068 1297 3152 ingerendo;
1321 3070 1413 3133 cibus
1429 3071 1517 3134 enim
1533 3094 1654 3156 parvus

296 3189 555 3274 perceptibiliter
581 3211 699 3274 corpus
725 3211 791 3253 non
819 3190 931 3268 nutrit,
955 3209 1016 3253 nec
1042 3190 1180 3253 verbum
1206 3190 1292 3253 forte
1317 3190 1462 3272 aliquem
1492 3193 1518 3255 si
1549 3196 1653 3257 semel

296 3311 488 3395 proseratur,
507 3312 566 3374 sed
590 3310 617 3374 si
640 3332 715 3375 cum
737 3311 906 3393 paciencia
928 3330 1018 3392 saepe
1041 3309 1231 3392 proferatur,
1250 3330 1291 3373 ne
1313 3310 1469 3374 oblivioni
1494 3314 1654 3377 tradatur.

298 3432 390 3499 Olim
417 3432 504 3495 enim
528 3432 561 3495 in
584 3443 735 3514 tempore
758 3431 861 3494 sancti
885 3429 1029 3495 doctoris
1051 3428 1234 3513 Augustini
1256 3449 1404 3494 recursus
1427 3452 1566 3514 magnus
1592 3433 1655 3496 suit

298 3555 399 3636 Papae
424 3553 586 3627 Romano,
607 3553 651 3617 ad
674 3553 889 3635 quaerendum
912 3552 956 3615 ab
979 3573 1019 3615 eo
1042 3562 1077 3616 et
1098 3573 1119 3615 a
1137 3552 1324 3616 scientificis
1347 3554 1377 3616 ei
1397 3554 1591 3630 astantibus,
1612 3575 1655 3618 an

298 3675 411 3739 liceret
432 3674 488 3750 sic,
510 3674 562 3738 vel
582 3696 601 3738 e
619 3674 782 3738 contrario
807 3673 907 3736 modo
927 3672 1043 3737 iacere.
1090 3673 1207 3737 Pocius
1230 3673 1319 3736 enim
1339 3673 1402 3736 hoc
1423 3674 1615 3755 quaerebant
1635 3696 1656 3738 a

300 3798 391 3879 Papa
407 3817 450 3860 an
465 3796 589 3879 aliquid
606 3796 727 3875 liceret,
742 3816 843 3879 quam
860 3806 896 3859 ut
912 3794 1033 3872 liceret,
1051 3805 1088 3859 ut
1103 3804 1245 3860 testatur
1261 3792 1404 3858 Sanctus
1421 3794 1607 3858 Bernardus
1623 3795 1656 3858 in

301 3917 454 4000 Epistola
469 3919 511 3981 ad
529 3919 713 3981 Robertum
731 3917 982 3980 Cluniacensem
1005 3909 1215 3979 mona'chum.
1262 3913 1420 3978 Sciebant
1442 3915 1529 3977 enim
1550 3915 1656 3980 sancti

301 4051 412 4122 patres
433 4041 523 4123 quod
545 4040 752 4123 dispensacio
773 4060 830 4102 seu
854 4038 1042 4102 licenciacio
1064 4038 1212 4101 humana
1235 4057 1300 4099 non
1323 4036 1469 4100 causavit
1489 4046 1601 4100 actum
1624 4036 1657 4099 in

300 4182 336 4225 se
360 4182 431 4225 esse
454 4161 580 4223 bonum
604 4182 663 4225 nec
688 4160 822 4224 malum.
868 4159 930 4224 Est
953 4160 1041 4222 enim
1068 4159 1174 4222 bonus
1196 4167 1290 4222 actus
1316 4178 1360 4220 ex
1388 4167 1503 4221 natura
1525 4158 1658 4240 propria

300 4292 396 4347 actus
423 4283 590 4348 tendentis
617 4284 650 4347 in
677 4281 846 4365 objectum
872 4302 968 4346 suum
992 4281 1152 4356 debitum,
1176 4291 1210 4345 et
1236 4279 1323 4344 actui
1351 4279 1558 4357 conveniens,
1581 4298 1657 4344 cum
