3818 4904
653 424 752 480 LOCI
777 423 806 477 E
834 423 959 478 LIBRO
994 422 1253 477 VERITATUM.
1569 425 1629 494 173

370 644 404 714 [p.
423 644 490 715 192]
535 637 566 702 Ο
588 637 694 720 papa!
721 637 806 715 vide,
822 637 906 714 vide,
921 636 1005 715 vide,
1028 657 1070 700 ne
1093 634 1299 719 dispensacio
1321 643 1387 712 tua,
1406 634 1426 697 i.
1439 656 1466 699 e.
1482 633 1627 710 licencia,

278 778 299 822 a
319 768 354 823 te
373 761 463 837 data,
486 766 520 821 et
542 757 612 841 ejus
635 779 713 821 usus
735 779 793 822 seu
816 759 946 834 abusus,
969 758 1012 821 sit
1035 758 1173 822 offensio
1194 757 1247 822 vel
1270 758 1474 835 scandalum,
1494 758 1514 820 i.
1527 780 1555 821 e.
1572 778 1628 821 oc-

277 880 375 955 casi0,
407 880 532 942 motiva
560 879 603 942 ad
634 879 759 942 malum
789 879 936 961 pluribus
968 878 1158 942 hominibus
1187 899 1246 962 per
1275 901 1370 943 usum
1400 901 1457 943 seu
1487 879 1628 942 abusum

278 999 365 1062 illius
389 1020 539 1081 personae
565 1000 617 1062 cui
640 1000 767 1081 praebes
790 999 1074 1080 dispensacionem
1097 1021 1154 1064 seu
1177 999 1348 1065 licenciam
1369 1000 1413 1064 ad
1440 999 1626 1063 laciendum

277 1119 404 1202 aliquid
427 1119 479 1183 vel
505 1119 549 1183 ad
575 1139 641 1182 non
666 1119 855 1182 faciendum
878 1119 1014 1201 aliquid,
1035 1121 1126 1201 quod
1148 1120 1274 1184 sactum
1296 1130 1384 1185 recte
1409 1121 1493 1184 sorte
1518 1119 1629 1202 placet

277 1239 363 1315 De0,
394 1248 429 1303 et
457 1238 520 1302 hoc
550 1240 640 1322 quod
669 1240 763 1302 Deus
793 1247 884 1302 amat
916 1239 986 1303 fieri
1016 1261 1075 1323 per
1111 1250 1203 1305 tuam
1239 1242 1419 1306 licenciam.
1475 1241 1506 1306 Ο
1541 1262 1630 1324 papa

278 1361 416 1425 Romae!
447 1361 626 1423 destruitur
649 1369 684 1424 et
710 1360 894 1438 retrahitur,
921 1361 1005 1423 sicut
1028 1360 1098 1441 jam
1123 1361 1296 1427 manifeste
1320 1372 1414 1446 patet
1437 1364 1470 1427 in
1493 1363 1628 1447 Anglia‚

277 1491 312 1546 et
346 1481 379 1545 in
410 1480 559 1563 pluribus
588 1479 732 1544 licenciis
769 1480 932 1545 concessis
965 1501 986 1543 a
1019 1501 1116 1563 papa,
1148 1484 1238 1565 quod
1267 1483 1417 1548 homines
1454 1494 1532 1549 sunt
1570 1506 1629 1549 ex-

277 1603 382 1687 empti
416 1602 460 1665 ab
497 1601 730 1664 observacione
767 1599 925 1683 regularis
961 1601 1170 1683 professionis
1206 1613 1241 1666 et
1276 1604 1507 1679 observanciae,
1543 1614 1577 1668 et
1608 1625 1630 1666 a

276 1723 483 1788 correccione
520 1722 569 1785 sui
608 1721 762 1804 episcopi.
823 1721 919 1799 Item,
955 1721 1093 1785 licencia
1132 1744 1228 1806 papae
1269 1726 1312 1788 de
1348 1725 1535 1808 pluralitate
1569 1724 1629 1787 ha-

277 1846 396 1922 benda,
425 1865 483 1907 seu
510 1843 552 1906 ad
583 1842 649 1905 duo
680 1841 941 1925 incompatibilia
970 1843 1140 1908 beneficia.
1194 1846 1290 1924 Item,
1319 1845 1456 1911 licencia
1484 1846 1629 1929 pessima

277 1968 320 2030 de
347 1964 491 2029 ecclesiis
520 1961 770 2045 parochialibus,
795 1983 871 2045 quae
901 1974 1011 2027 essent
1036 1975 1134 2028 rectae
1163 1967 1352 2048 perbonos
1379 1979 1530 2043 rectores,
1554 1988 1629 2051 quae

277 2089 324 2151 ita
357 2085 611 2170 appropriantur
645 2085 851 2147 monasteriis
889 2094 923 2147 et
959 2084 1104 2149 ecclesiis
1141 2087 1324 2170 collegiatis
1359 2109 1417 2153 seu
1455 2089 1629 2153 cathedra-

277 2210 371 2286 libus,
408 2208 498 2290 quod
536 2206 786 2288 approprietarii
821 2204 1032 2270 ecclesiarum
1069 2229 1135 2272 non
1172 2219 1327 2273 tenentur
1362 2231 1422 2293 per
1457 2211 1629 2275 licenciam

194 2350 200 2357 ·
276 2350 374 2413 papae
401 2347 463 2391 nec
490 2326 649 2390 exhibere
672 2325 879 2409 parochianis
908 2326 1063 2406 ecclesiae,
1087 2350 1147 2392 nec
1173 2330 1298 2393 bonum
1327 2331 1483 2394 vicarium
1513 2352 1630 2414 perpe·

276 2462 380 2528 tuum,
404 2469 463 2512 nec
494 2457 643 2511 curatum
674 2456 882 2528 perpetuum,
905 2449 964 2511 sed
995 2470 1098 2512 unum
1127 2451 1334 2515 sacerdotem
1364 2450 1466 2516 talem
1496 2453 1629 2534 qualem

278 2571 436 2635 mobilem
468 2578 502 2633 et
531 2568 622 2632 omni
649 2569 703 2630 die
733 2589 753 2631 a
781 2567 944 2632 beneficio
973 2590 1034 2652 per
1063 2572 1258 2636 mandatum
1290 2573 1548 2656 approprietarii,
1578 2574 1631 2637 cui

277 2693 414 2757 ecclesia
440 2691 689 2774 appropriatur;
718 2699 751 2753 et
775 2691 821 2753 sic
849 2710 907 2753 nec
932 2690 1021 2754 bona
1043 2712 1145 2774 opera
1169 2693 1254 2758 fiunt
1275 2693 1309 2756 in
1332 2693 1488 2776 parochia
1510 2713 1570 2759 nec
1596 2693 1630 2756 in

277 2814 492 2898 parochianis,
509 2834 584 2896 quae
608 2811 726 2876 fierent
749 2832 809 2895 per
831 2811 957 2875 bonum
978 2824 1139 2878 rectorem
1161 2816 1369 2894 residentem,
1384 2834 1445 2879 nec
1465 2815 1521 2878 illa
1541 2816 1631 2879 bona

276 2957 352 3019 quae
375 2937 492 3000 fierent
513 2957 573 3018 pro
596 2934 659 2998 illis
681 2934 896 3017 parochianis,
921 2955 981 2999 nec
1004 2934 1061 2999 illa
1082 2937 1172 3001 bona
1194 2958 1269 3020 quae
1296 2958 1362 3001 non
1385 2935 1491 3000 solum
1515 2934 1631 3000 fierent

277 3080 338 3143 pro
367 3059 583 3142 parochianis,
614 3058 674 3120 sed
701 3057 806 3120 eciam
834 3076 879 3119 ex
909 3056 1023 3121 debito
1052 3057 1169 3123 fierent
1199 3079 1310 3123 coram
1333 3059 1398 3122 illis
1424 3057 1631 3142 parochianis

277 3190 313 3245 et
337 3180 400 3244 illis
428 3179 643 3262 parochianis,
667 3178 753 3242 sicut
785 3186 836 3241 est
861 3177 986 3241 bonum
1017 3179 1208 3262 exemplum
1235 3180 1338 3243 curati
1369 3199 1445 3244 cum
1475 3179 1522 3242 eis
1552 3180 1630 3242 resi-

277 3302 396 3378 dentis,
423 3309 457 3364 et
487 3301 609 3364 devota
638 3299 747 3362 oracio
777 3318 853 3362 cum
884 3299 930 3361 eis
960 3309 995 3363 et
1024 3319 1135 3363 coram
1165 3300 1213 3363 eis
1244 3301 1339 3376 lacta,
1371 3301 1405 3363 in
1437 3300 1630 3382 exemplum

277 3421 424 3506 ipsorum
451 3420 731 3505 parochianorum,
759 3428 796 3483 ut
822 3420 884 3501 ipsi
911 3419 957 3484 sic
983 3421 1104 3484 devote
1134 3430 1274 3485 orarent.
1329 3422 1424 3499 Item,
1451 3421 1630 3484 elemosina

278 3554 313 3608 et
335 3543 530 3626 praedicacio
551 3542 727 3606 verborum
750 3551 784 3604 et
807 3539 969 3607 sactorum
988 3540 1068 3621 Jesu
1091 3541 1151 3603 Xti
1175 3541 1283 3606 fienda
1305 3541 1390 3605 inter
1412 3540 1630 3624 parochianos

277 3663 444 3740 deficiunt,
476 3673 511 3727 et
545 3672 682 3747 pereunt
718 3682 778 3743 per
813 3661 1119 3745 appropriacionem
1151 3662 1370 3736 ecclesiarum,
1401 3674 1435 3725 et
1469 3681 1529 3744 per
1564 3679 1631 3724 non

278 3786 460 3849 residentes
484 3793 616 3849 curatos
640 3794 673 3847 et
697 3781 921 3865 pluralitatem
948 3782 1167 3862 ecclesiarum,
1192 3794 1225 3847 et
1251 3784 1441 3856 officiorum,
1465 3792 1499 3846 et
1524 3781 1630 3864 digni·

277 3915 396 3983 tatum,
422 3926 498 3987 quae
529 3913 666 3969 vocatur
689 3903 809 3966 Romae
840 3903 1005 3985 capacitas
1035 3905 1078 3967 ad
1109 3902 1376 3985 incompatibilia,
1406 3903 1458 3965 vel
1488 3903 1531 3966 ad
1562 3902 1629 3964 duo

277 4025 438 4090 beneficia
465 4025 519 4090 vel
548 4026 592 4089 ad
621 4025 693 4100 tria,
717 4035 779 4089 etc.
834 4024 881 4088 Et
902 4023 999 4108 plura
1021 4024 1109 4088 mala
1138 4044 1197 4106 per
1219 4024 1291 4089 haec
1321 4031 1459 4107 peccata
1489 4021 1630 4087 exhorta

278 4147 379 4210 fuisse
409 4147 547 4230 cognovi
585 4147 618 4209 in
648 4156 798 4229 tempore
827 4146 863 4209 ix
895 4166 1066 4229 paparum,
1095 4166 1235 4228 quorum
1269 4155 1420 4227 tempore
1452 4165 1515 4226 ego
1548 4144 1628 4219 vixi,

278 4268 298 4332 i.
315 4289 342 4333 e.
374 4268 436 4332 sub
466 4266 644 4334 Bonesacio
671 4269 730 4347 ix⁰,
766 4269 964 4333 Innocentio
996 4274 1039 4349 7⁰,
1069 4267 1228 4350 Gregorio
1251 4265 1322 4349 xij⁰‚
1356 4265 1553 4330 Alexandro
1584 4271 1629 4346 5⁰,
