<?xml version="1.0" encoding="UTF-8"?>
<!DOCTYPE html PUBLIC "-//W3C//DTD XHTML 1.0 Transitional//EN"
    "http://www.w3.org/TR/xhtml1/DTD/xhtml1-transitional.dtd">
<html xmlns="http://www.w3.org/1999/xhtml" xml:lang="en" lang="en">
 <head>
  <title>
</title>
<meta http-equiv="Content-Type" content="text/html;charset=utf-8" />
  <meta name='ocr-system' content='tesseract 3.04.00' />
  <meta name='ocr-capabilities' content='ocr_page ocr_carea ocr_par ocr_line ocrx_word'/>
</head>
<body>
  <div class='ocr_page' id='page_1' title='image "./locielibroverit00gascgoog/locielibroverit00gascgoog_0142.png"; bbox 0 0 3818 4904; ppageno 0'>
   <div class='ocr_carea' id='block_1_1' title="bbox 676 431 1649 492">
    <p class='ocr_par' dir='ltr' id='par_1_1' title="bbox 676 431 1649 492">
     <span class='ocr_line' id='line_1_1' title="bbox 676 431 1649 492; baseline 0.007 -7"><span class='ocrx_word' id='word_1_1' title='bbox 676 431 774 487; x_wconf 85' lang='lat' dir='ltr'><em>LOCI</em></span> <span class='ocrx_word' id='word_1_2' title='bbox 800 433 829 485; x_wconf 88' lang='lat' dir='ltr'><em>E</em></span> <span class='ocrx_word' id='word_1_3' title='bbox 857 433 982 487; x_wconf 87' lang='lat' dir='ltr'><em>LIBRO</em></span> <span class='ocrx_word' id='word_1_4' title='bbox 1017 431 1276 486; x_wconf 80' lang='lat' dir='ltr'><em>VERITATUM.</em></span> <span class='ocrx_word' id='word_1_5' title='bbox 1609 433 1649 492; x_wconf 87' lang='lat'>41</span> 
     </span>
    </p>
   </div>
   <div class='ocr_carea' id='block_1_2' title="bbox 294 638 1681 4229">
    <p class='ocr_par' dir='ltr' id='par_1_2' title="bbox 299 638 1681 2294">
     <span class='ocr_line' id='line_1_2' title="bbox 302 638 1653 724; baseline -0.001 -24"><span class='ocrx_word' id='word_1_6' title='bbox 302 638 417 702; x_wconf 90' lang='lat' dir='ltr'>dotem</span> <span class='ocrx_word' id='word_1_7' title='bbox 441 643 474 704; x_wconf 93' lang='lat' dir='ltr'>in</span> <span class='ocrx_word' id='word_1_8' title='bbox 497 662 608 706; x_wconf 92' lang='lat' dir='ltr'>curam</span> <span class='ocrx_word' id='word_1_9' title='bbox 631 646 825 724; x_wconf 91' lang='lat' dir='ltr'>animarum,</span> <span class='ocrx_word' id='word_1_10' title='bbox 841 646 973 711; x_wconf 90' lang='lat' dir='ltr'>‘Trado</span> <span class='ocrx_word' id='word_1_11' title='bbox 994 647 1054 710; x_wconf 92' lang='lat' dir='ltr'>tibi</span> <span class='ocrx_word' id='word_1_12' title='bbox 1077 666 1188 711; x_wconf 91' lang='lat' dir='ltr'>curam</span> <span class='ocrx_word' id='word_1_13' title='bbox 1204 646 1396 717; x_wconf 89' lang='lat' dir='ltr'>animarum,</span> <span class='ocrx_word' id='word_1_14' title='bbox 1412 641 1495 705; x_wconf 93' lang='lat' dir='ltr'>sicut</span> <span class='ocrx_word' id='word_1_15' title='bbox 1518 657 1653 720; x_wconf 91' lang='lat' dir='ltr'>respon·</span> 
     </span>
     <span class='ocr_line' id='line_1_3' title="bbox 301 758 1652 848; baseline -0.001 -27"><span class='ocrx_word' id='word_1_16' title='bbox 301 758 397 822; x_wconf 90' lang='lat' dir='ltr'>debis</span> <span class='ocrx_word' id='word_1_17' title='bbox 422 782 482 843; x_wconf 91' lang='lat' dir='ltr'>pro</span> <span class='ocrx_word' id='word_1_18' title='bbox 507 765 554 827; x_wconf 90' lang='lat' dir='ltr'>eis</span> <span class='ocrx_word' id='word_1_19' title='bbox 585 773 618 828; x_wconf 94' lang='lat' dir='ltr'>et</span> <span class='ocrx_word' id='word_1_20' title='bbox 643 787 703 848; x_wconf 92' lang='lat' dir='ltr'>pro</span> <span class='ocrx_word' id='word_1_21' title='bbox 730 786 784 830; x_wconf 93' lang='lat' dir='ltr'>me</span> <span class='ocrx_word' id='word_1_22' title='bbox 809 787 920 830; x_wconf 89' lang='lat' dir='ltr'>coram</span> <span class='ocrx_word' id='word_1_23' title='bbox 946 763 1039 831; x_wconf 91' lang='lat' dir='ltr'>Deo.&#39;</span> <span class='ocrx_word' id='word_1_24' title='bbox 1083 766 1246 833; x_wconf 87' lang='lat' dir='ltr'>Sacerdos</span> <span class='ocrx_word' id='word_1_25' title='bbox 1270 764 1434 829; x_wconf 85' lang='lat' dir='ltr'>admissus</span> <span class='ocrx_word' id='word_1_26' title='bbox 1463 762 1506 825; x_wconf 92' lang='lat' dir='ltr'>ad</span> <span class='ocrx_word' id='word_1_27' title='bbox 1539 777 1652 823; x_wconf 91' lang='lat' dir='ltr'>curam</span> 
     </span>
     <span class='ocr_line' id='line_1_4' title="bbox 301 877 1652 968; baseline -0.002 -27"><span class='ocrx_word' id='word_1_28' title='bbox 301 879 485 945; x_wconf 85' lang='lat' dir='ltr'>animarum</span> <span class='ocrx_word' id='word_1_29' title='bbox 508 886 719 966; x_wconf 87' lang='lat' dir='ltr'><strong>respondebit</strong></span> <span class='ocrx_word' id='word_1_30' title='bbox 746 907 806 968; x_wconf 92' lang='lat' dir='ltr'>pro</span> <span class='ocrx_word' id='word_1_31' title='bbox 832 887 895 950; x_wconf 93' lang='lat' dir='ltr'>illis</span> <span class='ocrx_word' id='word_1_32' title='bbox 921 909 973 966; x_wconf 94' lang='lat' dir='ltr'>an,</span> <span class='ocrx_word' id='word_1_33' title='bbox 996 908 1040 950; x_wconf 93' lang='lat' dir='ltr'>sc.</span> <span class='ocrx_word' id='word_1_34' title='bbox 1071 887 1147 951; x_wconf 86' lang='lat' dir='ltr'>iecit</span> <span class='ocrx_word' id='word_1_35' title='bbox 1170 907 1245 968; x_wconf 86' lang='lat' dir='ltr'>quae</span> <span class='ocrx_word' id='word_1_36' title='bbox 1266 906 1352 950; x_wconf 87' lang='lat' dir='ltr'>curae</span> <span class='ocrx_word' id='word_1_37' title='bbox 1378 904 1446 947; x_wconf 89' lang='lat' dir='ltr'>suae</span> <span class='ocrx_word' id='word_1_38' title='bbox 1471 877 1597 956; x_wconf 83' lang='lat' dir='ltr'>debuit,</span> <span class='ocrx_word' id='word_1_39' title='bbox 1619 884 1652 939; x_wconf 92' lang='lat' dir='ltr'>et</span> 
     </span>
     <span class='ocr_line' id='line_1_5' title="bbox 302 996 1653 1089; baseline -0.001 -27"><span class='ocrx_word' id='word_1_40' title='bbox 302 1003 515 1082; x_wconf 86' lang='lat' dir='ltr'>respondebit</span> <span class='ocrx_word' id='word_1_41' title='bbox 530 1023 590 1086; x_wconf 92' lang='lat' dir='ltr'>pro</span> <span class='ocrx_word' id='word_1_42' title='bbox 610 1005 764 1088; x_wconf 89' lang='lat' dir='ltr'>episcopo</span> <span class='ocrx_word' id='word_1_43' title='bbox 786 1027 837 1085; x_wconf 90' lang='lat' dir='ltr'>an,</span> <span class='ocrx_word' id='word_1_44' title='bbox 853 1027 896 1070; x_wconf 90' lang='lat' dir='ltr'>sc.</span> <span class='ocrx_word' id='word_1_45' title='bbox 920 1007 997 1071; x_wconf 84' lang='lat' dir='ltr'>iecit</span> <span class='ocrx_word' id='word_1_46' title='bbox 1018 1008 1052 1070; x_wconf 93' lang='lat' dir='ltr'>in</span> <span class='ocrx_word' id='word_1_47' title='bbox 1072 1028 1149 1072; x_wconf 90' lang='lat' dir='ltr'>cura</span> <span class='ocrx_word' id='word_1_48' title='bbox 1170 1027 1245 1089; x_wconf 87' lang='lat' dir='ltr'>quae</span> <span class='ocrx_word' id='word_1_49' title='bbox 1266 1007 1440 1088; x_wconf 89' lang='lat' dir='ltr'>episcopus</span> <span class='ocrx_word' id='word_1_50' title='bbox 1460 1022 1526 1065; x_wconf 93' lang='lat' dir='ltr'>non</span> <span class='ocrx_word' id='word_1_51' title='bbox 1544 996 1653 1081; x_wconf 90' lang='lat' dir='ltr'>potuit</span> 
     </span>
     <span class='ocr_line' id='line_1_6' title="bbox 301 1118 1652 1209; baseline -0.003 -26"><span class='ocrx_word' id='word_1_52' title='bbox 301 1118 409 1184; x_wconf 90' lang='lat' dir='ltr'>sacere</span> <span class='ocrx_word' id='word_1_53' title='bbox 431 1142 491 1205; x_wconf 94' lang='lat' dir='ltr'>per</span> <span class='ocrx_word' id='word_1_54' title='bbox 512 1124 656 1207; x_wconf 91' lang='lat' dir='ltr'>seipsum</span> <span class='ocrx_word' id='word_1_55' title='bbox 678 1147 736 1208; x_wconf 91' lang='lat' dir='ltr'>per</span> <span class='ocrx_word' id='word_1_56' title='bbox 757 1127 958 1191; x_wconf 84' lang='lat' dir='ltr'>cotidianam</span> <span class='ocrx_word' id='word_1_57' title='bbox 979 1145 1100 1203; x_wconf 92' lang='lat' dir='ltr'>curam,</span> <span class='ocrx_word' id='word_1_58' title='bbox 1125 1137 1158 1191; x_wconf 93' lang='lat' dir='ltr'>et</span> <span class='ocrx_word' id='word_1_59' title='bbox 1181 1125 1393 1209; x_wconf 89' lang='lat' dir='ltr'>respondebit</span> <span class='ocrx_word' id='word_1_60' title='bbox 1415 1143 1475 1206; x_wconf 89' lang='lat' dir='ltr'>pro</span> <span class='ocrx_word' id='word_1_61' title='bbox 1498 1119 1652 1202; x_wconf 90' lang='lat' dir='ltr'>episcopo</span> 
     </span>
     <span class='ocr_line' id='line_1_7' title="bbox 301 1239 1652 1330; baseline -0.002 -27"><span class='ocrx_word' id='word_1_62' title='bbox 301 1260 345 1303; x_wconf 93' lang='lat' dir='ltr'>an</span> <span class='ocrx_word' id='word_1_63' title='bbox 374 1239 451 1307; x_wconf 83' lang='lat' dir='ltr'>iecit</span> <span class='ocrx_word' id='word_1_64' title='bbox 480 1265 555 1326; x_wconf 86' lang='lat' dir='ltr'>quae</span> <span class='ocrx_word' id='word_1_65' title='bbox 585 1245 759 1328; x_wconf 90' lang='lat' dir='ltr'>episcopus</span> <span class='ocrx_word' id='word_1_66' title='bbox 788 1248 817 1310; x_wconf 92' lang='lat' dir='ltr'>ei</span> <span class='ocrx_word' id='word_1_67' title='bbox 847 1257 936 1312; x_wconf 88' lang='lat' dir='ltr'>recte</span> <span class='ocrx_word' id='word_1_68' title='bbox 965 1247 1122 1330; x_wconf 84' lang='lat' dir='ltr'>praecepit</span> <span class='ocrx_word' id='word_1_69' title='bbox 1154 1256 1315 1328; x_wconf 86' lang='lat' dir='ltr'>tanquam</span> <span class='ocrx_word' id='word_1_70' title='bbox 1341 1240 1545 1326; x_wconf 87' lang='lat' dir='ltr'>cooperatori</span> <span class='ocrx_word' id='word_1_71' title='bbox 1577 1256 1652 1302; x_wconf 89' lang='lat' dir='ltr'>curn</span> 
     </span>
     <span class='ocr_line' id='line_1_8' title="bbox 301 1356 1652 1450; baseline -0.001 -29"><span class='ocrx_word' id='word_1_72' title='bbox 301 1359 466 1444; x_wconf 92' lang='lat' dir='ltr'>episcopo.</span> <span class='ocrx_word' id='word_1_73' title='bbox 511 1364 697 1448; x_wconf 89' lang='lat' dir='ltr'>Episcopus</span> <span class='ocrx_word' id='word_1_74' title='bbox 720 1377 842 1445; x_wconf 90' lang='lat' dir='ltr'>tamen,</span> <span class='ocrx_word' id='word_1_75' title='bbox 861 1368 1136 1450; x_wconf 87' lang='lat' dir='ltr'>superintendens</span> <span class='ocrx_word' id='word_1_76' title='bbox 1159 1387 1245 1431; x_wconf 86' lang='lat' dir='ltr'>curae</span> <span class='ocrx_word' id='word_1_77' title='bbox 1267 1365 1373 1431; x_wconf 90' lang='lat' dir='ltr'>tocius</span> <span class='ocrx_word' id='word_1_78' title='bbox 1396 1383 1465 1427; x_wconf 85' lang='lat' dir='ltr'>suae</span> <span class='ocrx_word' id='word_1_79' title='bbox 1488 1356 1652 1444; x_wconf 88' lang='lat' dir='ltr'>parochiae</span> 
     </span>
     <span class='ocr_line' id='line_1_9' title="bbox 301 1483 1652 1571; baseline -0.001 -29"><span class='ocrx_word' id='word_1_80' title='bbox 301 1500 359 1543; x_wconf 93' lang='lat' dir='ltr'>seu</span> <span class='ocrx_word' id='word_1_81' title='bbox 383 1483 522 1549; x_wconf 90' lang='lat' dir='ltr'>diocesis</span> <span class='ocrx_word' id='word_1_82' title='bbox 544 1506 622 1562; x_wconf 85' lang='lat' dir='ltr'>suae,</span> <span class='ocrx_word' id='word_1_83' title='bbox 643 1490 855 1570; x_wconf 88' lang='lat' dir='ltr'>respondebit</span> <span class='ocrx_word' id='word_1_84' title='bbox 877 1509 988 1553; x_wconf 91' lang='lat' dir='ltr'>coram</span> <span class='ocrx_word' id='word_1_85' title='bbox 1011 1489 1086 1552; x_wconf 93' lang='lat' dir='ltr'>Deo</span> <span class='ocrx_word' id='word_1_86' title='bbox 1109 1509 1168 1571; x_wconf 91' lang='lat' dir='ltr'>pro</span> <span class='ocrx_word' id='word_1_87' title='bbox 1191 1509 1227 1552; x_wconf 94' lang='lat' dir='ltr'>se</span> <span class='ocrx_word' id='word_1_88' title='bbox 1246 1496 1280 1552; x_wconf 91' lang='lat' dir='ltr'>et</span> <span class='ocrx_word' id='word_1_89' title='bbox 1302 1507 1362 1569; x_wconf 91' lang='lat' dir='ltr'>pro</span> <span class='ocrx_word' id='word_1_90' title='bbox 1382 1483 1505 1548; x_wconf 89' lang='lat' dir='ltr'>diocesi</span> <span class='ocrx_word' id='word_1_91' title='bbox 1528 1501 1598 1557; x_wconf 92' lang='lat' dir='ltr'>sua,</span> <span class='ocrx_word' id='word_1_92' title='bbox 1618 1487 1652 1542; x_wconf 92' lang='lat' dir='ltr'>et</span> 
     </span>
     <span class='ocr_line' id='line_1_10' title="bbox 301 1600 1653 1692; baseline -0.002 -28"><span class='ocrx_word' id='word_1_93' title='bbox 301 1602 379 1682; x_wconf 90' lang='lat' dir='ltr'>quia</span> <span class='ocrx_word' id='word_1_94' title='bbox 396 1612 531 1669; x_wconf 87' lang='lat' dir='ltr'>aetatem</span> <span class='ocrx_word' id='word_1_95' title='bbox 554 1607 656 1672; x_wconf 90' lang='lat' dir='ltr'>habet</span> <span class='ocrx_word' id='word_1_96' title='bbox 678 1610 889 1692; x_wconf 89' lang='lat' dir='ltr'>respondebit</span> <span class='ocrx_word' id='word_1_97' title='bbox 912 1629 973 1691; x_wconf 91' lang='lat' dir='ltr'>pro</span> <span class='ocrx_word' id='word_1_98' title='bbox 995 1631 1031 1673; x_wconf 91' lang='lat' dir='ltr'>se</span> <span class='ocrx_word' id='word_1_99' title='bbox 1053 1619 1087 1674; x_wconf 90' lang='lat' dir='ltr'>et</span> <span class='ocrx_word' id='word_1_100' title='bbox 1110 1629 1170 1692; x_wconf 91' lang='lat' dir='ltr'>pro</span> <span class='ocrx_word' id='word_1_101' title='bbox 1193 1619 1287 1692; x_wconf 91' lang='lat' dir='ltr'>parte</span> <span class='ocrx_word' id='word_1_102' title='bbox 1307 1629 1367 1672; x_wconf 90' lang='lat' dir='ltr'>sua</span> <span class='ocrx_word' id='word_1_103' title='bbox 1388 1615 1421 1670; x_wconf 90' lang='lat' dir='ltr'>et</span> <span class='ocrx_word' id='word_1_104' title='bbox 1442 1625 1502 1687; x_wconf 93' lang='lat' dir='ltr'>pro</span> <span class='ocrx_word' id='word_1_105' title='bbox 1524 1600 1653 1666; x_wconf 90' lang='lat' dir='ltr'>actibus</span> 
     </span>
     <span class='ocr_line' id='line_1_11' title="bbox 300 1721 1652 1813; baseline -0.003 -27"><span class='ocrx_word' id='word_1_106' title='bbox 300 1743 449 1805; x_wconf 86' lang='lat' dir='ltr'>personae</span> <span class='ocrx_word' id='word_1_107' title='bbox 463 1746 535 1789; x_wconf 84' lang='lat' dir='ltr'>suae</span> <span class='ocrx_word' id='word_1_108' title='bbox 549 1729 798 1810; x_wconf 90' lang='lat' dir='ltr'>pertinentibus.</span> <span class='ocrx_word' id='word_1_109' title='bbox 834 1730 969 1813; x_wconf 83' lang='lat' dir='ltr'>Ungere</span> <span class='ocrx_word' id='word_1_110' title='bbox 984 1731 1072 1793; x_wconf 91' lang='lat' dir='ltr'>enirn</span> <span class='ocrx_word' id='word_1_111' title='bbox 1087 1750 1208 1812; x_wconf 88' lang='lat' dir='ltr'>pueros</span> <span class='ocrx_word' id='word_1_112' title='bbox 1224 1739 1257 1793; x_wconf 90' lang='lat' dir='ltr'>et</span> <span class='ocrx_word' id='word_1_113' title='bbox 1273 1728 1476 1801; x_wconf 88' lang='lat' dir='ltr'>confirmare,</span> <span class='ocrx_word' id='word_1_114' title='bbox 1489 1732 1523 1787; x_wconf 91' lang='lat' dir='ltr'>et</span> <span class='ocrx_word' id='word_1_115' title='bbox 1535 1721 1652 1797; x_wconf 89' lang='lat' dir='ltr'>dicere,</span> 
     </span>
     <span class='ocr_line' id='line_1_12' title="bbox 300 1840 1681 1934; baseline -0.001 -28"><span class='ocrx_word' id='word_1_116' title='bbox 300 1840 475 1909; x_wconf 89' lang='lat' dir='ltr'>‘Admitto</span> <span class='ocrx_word' id='word_1_117' title='bbox 493 1847 595 1912; x_wconf 91' lang='lat' dir='ltr'>talem</span> <span class='ocrx_word' id='word_1_118' title='bbox 610 1850 716 1913; x_wconf 86' lang='lat' dir='ltr'>virum</span> <span class='ocrx_word' id='word_1_119' title='bbox 740 1851 773 1914; x_wconf 92' lang='lat' dir='ltr'>in</span> <span class='ocrx_word' id='word_1_120' title='bbox 796 1871 907 1915; x_wconf 94' lang='lat' dir='ltr'>curam</span> <span class='ocrx_word' id='word_1_121' title='bbox 923 1847 1125 1928; x_wconf 90' lang='lat' dir='ltr'>animarum‚’</span> <span class='ocrx_word' id='word_1_122' title='bbox 1141 1862 1191 1916; x_wconf 90' lang='lat' dir='ltr'>est</span> <span class='ocrx_word' id='word_1_123' title='bbox 1211 1871 1294 1934; x_wconf 91' lang='lat' dir='ltr'>opus</span> <span class='ocrx_word' id='word_1_124' title='bbox 1309 1848 1404 1913; x_wconf 82' lang='lat' dir='ltr'>facile</span> <span class='ocrx_word' id='word_1_125' title='bbox 1420 1866 1480 1911; x_wconf 89' lang='lat' dir='ltr'>nec</span> <span class='ocrx_word' id='word_1_126' title='bbox 1496 1861 1652 1926; x_wconf 86' lang='lat' dir='ltr'>magnam</span> <span class='ocrx_word' id='word_1_127' title='bbox 1677 1869 1681 1876; x_wconf 96' lang='lat'><em>·</em></span> 
     </span>
     <span class='ocr_line' id='line_1_13' title="bbox 299 1963 1652 2054; baseline -0.001 -28"><span class='ocrx_word' id='word_1_128' title='bbox 299 1965 434 2047; x_wconf 90' lang='lat' dir='ltr'>requirit</span> <span class='ocrx_word' id='word_1_129' title='bbox 449 1969 606 2033; x_wconf 91' lang='lat' dir='ltr'>noticiam</span> <span class='ocrx_word' id='word_1_130' title='bbox 628 1992 688 2036; x_wconf 90' lang='lat' dir='ltr'>nec</span> <span class='ocrx_word' id='word_1_131' title='bbox 711 1972 895 2050; x_wconf 84' lang='lat' dir='ltr'>scienciam,</span> <span class='ocrx_word' id='word_1_132' title='bbox 911 1974 969 2036; x_wconf 91' lang='lat' dir='ltr'>sed</span> <span class='ocrx_word' id='word_1_133' title='bbox 993 1993 1094 2054; x_wconf 92' lang='lat' dir='ltr'>opera</span> <span class='ocrx_word' id='word_1_134' title='bbox 1110 1993 1187 2035; x_wconf 89' lang='lat' dir='ltr'>vera</span> <span class='ocrx_word' id='word_1_135' title='bbox 1209 1972 1354 2054; x_wconf 92' lang='lat' dir='ltr'>episcopi</span> <span class='ocrx_word' id='word_1_136' title='bbox 1376 1987 1531 2051; x_wconf 83' lang='lat' dir='ltr'>magnam</span> <span class='ocrx_word' id='word_1_137' title='bbox 1547 1963 1652 2028; x_wconf 91' lang='lat' dir='ltr'>scien·</span> 
     </span>
     <span class='ocr_line' id='line_1_14' title="bbox 299 2084 1651 2177; baseline -0.003 -27"><span class='ocrx_word' id='word_1_138' title='bbox 299 2087 384 2151; x_wconf 91' lang='lat' dir='ltr'>ciam</span> <span class='ocrx_word' id='word_1_139' title='bbox 419 2098 453 2152; x_wconf 90' lang='lat' dir='ltr'>et</span> <span class='ocrx_word' id='word_1_140' title='bbox 484 2091 587 2155; x_wconf 88' lang='lat' dir='ltr'>vitam</span> <span class='ocrx_word' id='word_1_141' title='bbox 618 2102 769 2157; x_wconf 88' lang='lat' dir='ltr'>sanctam</span> <span class='ocrx_word' id='word_1_142' title='bbox 802 2095 951 2177; x_wconf 84' lang='lat' dir='ltr'>exigunt,</span> <span class='ocrx_word' id='word_1_143' title='bbox 970 2094 1144 2167; x_wconf 52' lang='lat' dir='ltr'>,veraciter</span> <span class='ocrx_word' id='word_1_144' title='bbox 1176 2095 1264 2158; x_wconf 92' lang='lat' dir='ltr'>enim</span> <span class='ocrx_word' id='word_1_145' title='bbox 1295 2093 1405 2157; x_wconf 88' lang='lat' dir='ltr'>dicere</span> <span class='ocrx_word' id='word_1_146' title='bbox 1438 2088 1519 2154; x_wconf 86' lang='lat' dir='ltr'>talia</span> <span class='ocrx_word' id='word_1_147' title='bbox 1551 2084 1651 2149; x_wconf 91' lang='lat' dir='ltr'>verba</span> 
     </span>
     <span class='ocr_line' id='line_1_15' title="bbox 300 2209 867 2294; baseline 0.012 -23"><span class='ocrx_word' id='word_1_148' title='bbox 300 2209 437 2291; x_wconf 89' lang='lat' dir='ltr'>requirit</span> <span class='ocrx_word' id='word_1_149' title='bbox 458 2212 604 2294; x_wconf 85' lang='lat' dir='ltr'>graciam</span> <span class='ocrx_word' id='word_1_150' title='bbox 627 2222 660 2278; x_wconf 93' lang='lat' dir='ltr'>et</span> <span class='ocrx_word' id='word_1_151' title='bbox 682 2213 867 2279; x_wconf 90' lang='lat' dir='ltr'>scienciam.</span> 
     </span>
    </p>

    <p class='ocr_par' dir='ltr' id='par_1_3' title="bbox 294 2331 1653 4229">
     <span class='ocr_line' id='line_1_16' title="bbox 386 2331 1652 2418; baseline -0.005 -25"><span class='ocrx_word' id='word_1_152' title='bbox 386 2340 423 2409; x_wconf 82' lang='lat' dir='ltr'>[p.</span> <span class='ocrx_word' id='word_1_153' title='bbox 440 2340 514 2406; x_wconf 60' lang='lat'>404]</span> <span class='ocrx_word' id='word_1_154' title='bbox 543 2332 645 2398; x_wconf 88' lang='lat' dir='ltr'>Anno</span> <span class='ocrx_word' id='word_1_155' title='bbox 661 2334 797 2398; x_wconf 92' lang='lat' dir='ltr'>Domini</span> <span class='ocrx_word' id='word_1_156' title='bbox 816 2341 913 2416; x_wconf 82' lang='lat'>14490</span> <span class='ocrx_word' id='word_1_157' title='bbox 926 2337 1116 2418; x_wconf 86' lang='lat' dir='ltr'>praedicavit</span> <span class='ocrx_word' id='word_1_158' title='bbox 1132 2336 1338 2418; x_wconf 85' lang='lat' dir='ltr'>Reginaldus</span> <span class='ocrx_word' id='word_1_159' title='bbox 1354 2333 1463 2398; x_wconf 86' lang='lat' dir='ltr'>Pecok</span> <span class='ocrx_word' id='word_1_160' title='bbox 1479 2331 1652 2414; x_wconf 91' lang='lat' dir='ltr'>episcopus</span> 
     </span>
     <span class='ocr_line' id='line_1_17' title="bbox 297 2448 1651 2538; baseline -0.004 -24"><span class='ocrx_word' id='word_1_161' title='bbox 297 2450 505 2532; x_wconf 87' lang='lat' dir='ltr'>Assavensis,</span> <span class='ocrx_word' id='word_1_162' title='bbox 527 2462 561 2518; x_wconf 91' lang='lat' dir='ltr'>et</span> <span class='ocrx_word' id='word_1_163' title='bbox 583 2465 708 2538; x_wconf 90' lang='lat' dir='ltr'>postea,</span> <span class='ocrx_word' id='word_1_164' title='bbox 732 2477 792 2538; x_wconf 93' lang='lat' dir='ltr'>per</span> <span class='ocrx_word' id='word_1_165' title='bbox 814 2458 923 2521; x_wconf 93' lang='lat' dir='ltr'>media</span> <span class='ocrx_word' id='word_1_166' title='bbox 939 2456 1096 2522; x_wconf 90' lang='lat' dir='ltr'>Willelmi</span> <span class='ocrx_word' id='word_1_167' title='bbox 1121 2457 1200 2522; x_wconf 93' lang='lat' dir='ltr'>Pule</span> <span class='ocrx_word' id='word_1_168' title='bbox 1226 2458 1319 2522; x_wconf 89' lang='lat' dir='ltr'>ducis</span> <span class='ocrx_word' id='word_1_169' title='bbox 1343 2452 1544 2529; x_wconf 85' lang='lat' dir='ltr'>Suthsolciae,</span> <span class='ocrx_word' id='word_1_170' title='bbox 1566 2448 1651 2530; x_wconf 90' lang='lat' dir='ltr'>epis·</span> 
     </span>
     <span class='ocr_line' id='line_1_18' title="bbox 298 2573 1651 2664; baseline -0.004 -27"><span class='ocrx_word' id='word_1_171' title='bbox 298 2593 401 2657; x_wconf 90' lang='lat' dir='ltr'>copus</span> <span class='ocrx_word' id='word_1_172' title='bbox 418 2573 637 2650; x_wconf 89' lang='lat' dir='ltr'>Cisestrensis,</span> <span class='ocrx_word' id='word_1_173' title='bbox 655 2578 846 2659; x_wconf 87' lang='lat' dir='ltr'>praedicavit</span> <span class='ocrx_word' id='word_1_174' title='bbox 862 2576 933 2664; x_wconf 82' lang='lat' dir='ltr'>(sic)</span> <span class='ocrx_word' id='word_1_175' title='bbox 949 2578 1143 2656; x_wconf 86' lang='lat' dir='ltr'>Londoniae,</span> <span class='ocrx_word' id='word_1_176' title='bbox 1159 2580 1250 2661; x_wconf 93' lang='lat' dir='ltr'>quod</span> <span class='ocrx_word' id='word_1_177' title='bbox 1272 2577 1425 2661; x_wconf 91' lang='lat' dir='ltr'>episcopi,</span> <span class='ocrx_word' id='word_1_178' title='bbox 1440 2576 1474 2638; x_wconf 94' lang='lat' dir='ltr'>in</span> <span class='ocrx_word' id='word_1_179' title='bbox 1489 2581 1651 2655; x_wconf 90' lang='lat' dir='ltr'>quantum</span> 
     </span>
     <span class='ocr_line' id='line_1_19' title="bbox 298 2692 1653 2784; baseline -0.005 -25"><span class='ocrx_word' id='word_1_180' title='bbox 298 2694 454 2778; x_wconf 90' lang='lat' dir='ltr'>episcopi,</span> <span class='ocrx_word' id='word_1_181' title='bbox 479 2717 544 2760; x_wconf 93' lang='lat' dir='ltr'>non</span> <span class='ocrx_word' id='word_1_182' title='bbox 575 2707 729 2762; x_wconf 89' lang='lat' dir='ltr'>tenentur</span> <span class='ocrx_word' id='word_1_183' title='bbox 752 2699 938 2781; x_wconf 87' lang='lat' dir='ltr'>praedicare,</span> <span class='ocrx_word' id='word_1_184' title='bbox 964 2709 998 2764; x_wconf 92' lang='lat' dir='ltr'>et</span> <span class='ocrx_word' id='word_1_185' title='bbox 1028 2700 1101 2765; x_wconf 91' lang='lat' dir='ltr'>aliis</span> <span class='ocrx_word' id='word_1_186' title='bbox 1131 2701 1294 2784; x_wconf 89' lang='lat' dir='ltr'>episcopis</span> <span class='ocrx_word' id='word_1_187' title='bbox 1322 2700 1356 2762; x_wconf 94' lang='lat' dir='ltr'>in</span> <span class='ocrx_word' id='word_1_188' title='bbox 1381 2698 1444 2762; x_wconf 91' lang='lat' dir='ltr'>hoc</span> <span class='ocrx_word' id='word_1_189' title='bbox 1470 2692 1653 2777; x_wconf 87' lang='lat' dir='ltr'>saepissime</span> 
     </span>
     <span class='ocr_line' id='line_1_20' title="bbox 298 2815 1652 2902; baseline -0.004 -23"><span class='ocrx_word' id='word_1_190' title='bbox 298 2815 486 2881; x_wconf 86' lang='lat' dir='ltr'>faventibus</span> <span class='ocrx_word' id='word_1_191' title='bbox 508 2826 541 2881; x_wconf 91' lang='lat' dir='ltr'>et</span> <span class='ocrx_word' id='word_1_192' title='bbox 564 2818 749 2883; x_wconf 88' lang='lat' dir='ltr'>dicentibus</span> <span class='ocrx_word' id='word_1_193' title='bbox 769 2820 966 2902; x_wconf 90' lang='lat' dir='ltr'>pompatice,</span> <span class='ocrx_word' id='word_1_194' title='bbox 987 2821 1077 2886; x_wconf 88' lang='lat' dir='ltr'>‘Iste</span> <span class='ocrx_word' id='word_1_195' title='bbox 1097 2821 1263 2886; x_wconf 88' lang='lat' dir='ltr'>excellens</span> <span class='ocrx_word' id='word_1_196' title='bbox 1278 2819 1413 2885; x_wconf 88' lang='lat' dir='ltr'>clericus</span> <span class='ocrx_word' id='word_1_197' title='bbox 1429 2827 1463 2882; x_wconf 91' lang='lat' dir='ltr'>et</span> <span class='ocrx_word' id='word_1_198' title='bbox 1478 2815 1652 2898; x_wconf 91' lang='lat' dir='ltr'>episcopus</span> 
     </span>
     <span class='ocr_line' id='line_1_21' title="bbox 297 2929 1651 3022; baseline -0.006 -21"><span class='ocrx_word' id='word_1_199' title='bbox 297 2935 454 3003; x_wconf 86' lang='lat' dir='ltr'>defendet</span> <span class='ocrx_word' id='word_1_200' title='bbox 471 2957 571 3019; x_wconf 89' lang='lat' dir='ltr'>opera</span> <span class='ocrx_word' id='word_1_201' title='bbox 586 2959 661 3020; x_wconf 84' lang='lat' dir='ltr'>quae</span> <span class='ocrx_word' id='word_1_202' title='bbox 683 2959 743 3002; x_wconf 90' lang='lat' dir='ltr'>nos</span> <span class='ocrx_word' id='word_1_203' title='bbox 765 2939 909 3022; x_wconf 89' lang='lat' dir='ltr'>episcopi</span> <span class='ocrx_word' id='word_1_204' title='bbox 931 2938 1108 3021; x_wconf 87' lang='lat' dir='ltr'>iacimus;’</span> <span class='ocrx_word' id='word_1_205' title='bbox 1131 2962 1213 3005; x_wconf 89' lang='lat' dir='ltr'>mox</span> <span class='ocrx_word' id='word_1_206' title='bbox 1235 2941 1268 3006; x_wconf 94' lang='lat' dir='ltr'>in</span> <span class='ocrx_word' id='word_1_207' title='bbox 1291 2940 1405 3005; x_wconf 92' lang='lat' dir='ltr'>odium</span> <span class='ocrx_word' id='word_1_208' title='bbox 1430 2937 1536 3001; x_wconf 90' lang='lat' dir='ltr'>tocius</span> <span class='ocrx_word' id='word_1_209' title='bbox 1559 2929 1651 3014; x_wconf 86' lang='lat' dir='ltr'>regni</span> 
     </span>
     <span class='ocr_line' id='line_1_22' title="bbox 297 3054 1651 3145; baseline -0.004 -24"><span class='ocrx_word' id='word_1_210' title='bbox 297 3056 433 3122; x_wconf 90' lang='lat' dir='ltr'>deducti</span> <span class='ocrx_word' id='word_1_211' title='bbox 455 3067 532 3121; x_wconf 91' lang='lat' dir='ltr'>sunt</span> <span class='ocrx_word' id='word_1_212' title='bbox 556 3058 711 3142; x_wconf 91' lang='lat' dir='ltr'>episcopi,</span> <span class='ocrx_word' id='word_1_213' title='bbox 732 3060 887 3124; x_wconf 92' lang='lat' dir='ltr'>omnibus</span> <span class='ocrx_word' id='word_1_214' title='bbox 913 3059 980 3124; x_wconf 85' lang='lat' dir='ltr'>fere</span> <span class='ocrx_word' id='word_1_215' title='bbox 1006 3062 1148 3126; x_wconf 88' lang='lat' dir='ltr'>statibus</span> <span class='ocrx_word' id='word_1_216' title='bbox 1173 3072 1208 3126; x_wconf 89' lang='lat' dir='ltr'>et</span> <span class='ocrx_word' id='word_1_217' title='bbox 1236 3061 1383 3145; x_wconf 89' lang='lat' dir='ltr'>personis</span> <span class='ocrx_word' id='word_1_218' title='bbox 1409 3054 1651 3123; x_wconf 85' lang='lat' dir='ltr'>clamantibus:</span> 
     </span>
     <span class='ocr_line' id='line_1_23' title="bbox 298 3174 1651 3263; baseline -0.003 -23"><span class='ocrx_word' id='word_1_219' title='bbox 298 3174 378 3241; x_wconf 87' lang='lat' dir='ltr'>‘Vae</span> <span class='ocrx_word' id='word_1_220' title='bbox 398 3175 578 3262; x_wconf 84' lang='lat' dir='ltr'>episcopis!</span> <span class='ocrx_word' id='word_1_221' title='bbox 600 3179 657 3262; x_wconf 93' lang='lat' dir='ltr'>qui</span> <span class='ocrx_word' id='word_1_222' title='bbox 675 3180 831 3256; x_wconf 89' lang='lat' dir='ltr'>ditantur,</span> <span class='ocrx_word' id='word_1_223' title='bbox 847 3181 903 3263; x_wconf 92' lang='lat' dir='ltr'>qui</span> <span class='ocrx_word' id='word_1_224' title='bbox 919 3181 1035 3247; x_wconf 90' lang='lat' dir='ltr'>volunt</span> <span class='ocrx_word' id='word_1_225' title='bbox 1048 3183 1157 3247; x_wconf 91' lang='lat' dir='ltr'>vocari</span> <span class='ocrx_word' id='word_1_226' title='bbox 1174 3183 1308 3258; x_wconf 90' lang='lat' dir='ltr'>domini,</span> <span class='ocrx_word' id='word_1_227' title='bbox 1325 3192 1359 3246; x_wconf 90' lang='lat' dir='ltr'>et</span> <span class='ocrx_word' id='word_1_228' title='bbox 1374 3190 1410 3244; x_wconf 91' lang='lat' dir='ltr'>ut</span> <span class='ocrx_word' id='word_1_229' title='bbox 1430 3179 1477 3244; x_wconf 89' lang='lat' dir='ltr'>eis</span> <span class='ocrx_word' id='word_1_230' title='bbox 1492 3176 1651 3241; x_wconf 85' lang='lat' dir='ltr'>serviatur</span> 
     </span>
     <span class='ocr_line' id='line_1_24' title="bbox 296 3295 1651 3387; baseline -0.006 -24"><span class='ocrx_word' id='word_1_231' title='bbox 296 3298 437 3380; x_wconf 86' lang='lat' dir='ltr'>genibus</span> <span class='ocrx_word' id='word_1_232' title='bbox 452 3297 557 3375; x_wconf 90' lang='lat' dir='ltr'>flexis,</span> <span class='ocrx_word' id='word_1_233' title='bbox 573 3309 607 3364; x_wconf 91' lang='lat' dir='ltr'>et</span> <span class='ocrx_word' id='word_1_234' title='bbox 622 3300 772 3382; x_wconf 90' lang='lat' dir='ltr'>equitant</span> <span class='ocrx_word' id='word_1_235' title='bbox 787 3321 862 3365; x_wconf 91' lang='lat' dir='ltr'>cum</span> <span class='ocrx_word' id='word_1_236' title='bbox 879 3312 930 3366; x_wconf 90' lang='lat' dir='ltr'>tot</span> <span class='ocrx_word' id='word_1_237' title='bbox 945 3314 979 3366; x_wconf 91' lang='lat' dir='ltr'>et</span> <span class='ocrx_word' id='word_1_238' title='bbox 999 3313 1050 3367; x_wconf 92' lang='lat' dir='ltr'>tot</span> <span class='ocrx_word' id='word_1_239' title='bbox 1071 3304 1241 3387; x_wconf 89' lang='lat' dir='ltr'>pomposis</span> <span class='ocrx_word' id='word_1_240' title='bbox 1257 3303 1357 3386; x_wconf 89' lang='lat' dir='ltr'>equis,</span> <span class='ocrx_word' id='word_1_241' title='bbox 1372 3310 1406 3367; x_wconf 90' lang='lat' dir='ltr'>et</span> <span class='ocrx_word' id='word_1_242' title='bbox 1421 3298 1520 3364; x_wconf 90' lang='lat' dir='ltr'>nichil</span> <span class='ocrx_word' id='word_1_243' title='bbox 1534 3295 1651 3361; x_wconf 89' lang='lat' dir='ltr'>volunt</span> 
     </span>
     <span class='ocr_line' id='line_1_25' title="bbox 295 3418 1650 3504; baseline 0.001 -22"><span class='ocrx_word' id='word_1_244' title='bbox 295 3418 405 3484; x_wconf 82' lang='lat' dir='ltr'>iacere</span> <span class='ocrx_word' id='word_1_245' title='bbox 419 3419 631 3502; x_wconf 79' lang='lat' dir='ltr'>praedicando</span> <span class='ocrx_word' id='word_1_246' title='bbox 647 3421 784 3485; x_wconf 91' lang='lat' dir='ltr'>verbum</span> <span class='ocrx_word' id='word_1_247' title='bbox 799 3442 859 3504; x_wconf 93' lang='lat' dir='ltr'>pro</span> <span class='ocrx_word' id='word_1_248' title='bbox 874 3422 982 3487; x_wconf 89' lang='lat' dir='ltr'>salute</span> <span class='ocrx_word' id='word_1_249' title='bbox 996 3424 1200 3503; x_wconf 81' lang='lat' dir='ltr'>animarum3</span> <span class='ocrx_word' id='word_1_250' title='bbox 1223 3434 1282 3489; x_wconf 92' lang='lat' dir='ltr'>aut</span> <span class='ocrx_word' id='word_1_251' title='bbox 1297 3423 1384 3487; x_wconf 91' lang='lat' dir='ltr'>enim</span> <span class='ocrx_word' id='word_1_252' title='bbox 1403 3422 1552 3486; x_wconf 92' lang='lat' dir='ltr'>nesciunt</span> <span class='ocrx_word' id='word_1_253' title='bbox 1567 3441 1650 3503; x_wconf 85' lang='lat' dir='ltr'>prae·</span> 
     </span>
     <span class='ocr_line' id='line_1_26' title="bbox 296 3540 1650 3627; baseline -0.001 -22"><span class='ocrx_word' id='word_1_254' title='bbox 296 3541 407 3605; x_wconf 91' lang='lat' dir='ltr'>dicare</span> <span class='ocrx_word' id='word_1_255' title='bbox 429 3541 585 3624; x_wconf 90' lang='lat' dir='ltr'>episcopi,</span> <span class='ocrx_word' id='word_1_256' title='bbox 606 3551 665 3606; x_wconf 91' lang='lat' dir='ltr'>aut</span> <span class='ocrx_word' id='word_1_257' title='bbox 687 3562 753 3606; x_wconf 92' lang='lat' dir='ltr'>non</span> <span class='ocrx_word' id='word_1_258' title='bbox 776 3552 916 3625; x_wconf 90' lang='lat' dir='ltr'>possunt</span> <span class='ocrx_word' id='word_1_259' title='bbox 936 3545 1124 3626; x_wconf 87' lang='lat' dir='ltr'>praedicare,</span> <span class='ocrx_word' id='word_1_260' title='bbox 1146 3545 1289 3627; x_wconf 87' lang='lat' dir='ltr'>negociis</span> <span class='ocrx_word' id='word_1_261' title='bbox 1312 3542 1423 3609; x_wconf 84' lang='lat' dir='ltr'>saeculi</span> <span class='ocrx_word' id='word_1_262' title='bbox 1446 3550 1503 3606; x_wconf 89' lang='lat' dir='ltr'>aut</span> <span class='ocrx_word' id='word_1_263' title='bbox 1525 3540 1650 3605; x_wconf 91' lang='lat' dir='ltr'>deliciis</span> 
     </span>
     <span class='ocr_line' id='line_1_27' title="bbox 296 3661 1651 3747; baseline -0.001 -20"><span class='ocrx_word' id='word_1_264' title='bbox 296 3661 442 3744; x_wconf 91' lang='lat' dir='ltr'>corporis</span> <span class='ocrx_word' id='word_1_265' title='bbox 465 3661 624 3744; x_wconf 92' lang='lat' dir='ltr'>impediti,</span> <span class='ocrx_word' id='word_1_266' title='bbox 646 3672 704 3727; x_wconf 90' lang='lat' dir='ltr'>aut</span> <span class='ocrx_word' id='word_1_267' title='bbox 725 3663 804 3746; x_wconf 93' lang='lat' dir='ltr'>quia</span> <span class='ocrx_word' id='word_1_268' title='bbox 826 3684 891 3727; x_wconf 92' lang='lat' dir='ltr'>non</span> <span class='ocrx_word' id='word_1_269' title='bbox 914 3674 1151 3747; x_wconf 88' lang='lat' dir='ltr'>possunt&#39;vere</span> <span class='ocrx_word' id='word_1_270' title='bbox 1172 3664 1360 3747; x_wconf 88' lang='lat' dir='ltr'>praedicare,</span> <span class='ocrx_word' id='word_1_271' title='bbox 1382 3663 1444 3727; x_wconf 93' lang='lat' dir='ltr'>nisi</span> <span class='ocrx_word' id='word_1_272' title='bbox 1470 3662 1651 3745; x_wconf 72' lang='lat' dir='ltr'>praedicent</span> 
     </span>
     <span class='ocr_line' id='line_1_28' title="bbox 295 3781 1650 3868; baseline 0.001 -23"><span class='ocrx_word' id='word_1_273' title='bbox 295 3781 352 3846; x_wconf 92' lang='lat' dir='ltr'>illa</span> <span class='ocrx_word' id='word_1_274' title='bbox 367 3781 455 3845; x_wconf 92' lang='lat' dir='ltr'>mala</span> <span class='ocrx_word' id='word_1_275' title='bbox 470 3781 503 3845; x_wconf 93' lang='lat' dir='ltr'>in</span> <span class='ocrx_word' id='word_1_276' title='bbox 522 3783 642 3865; x_wconf 89' lang='lat' dir='ltr'>quibus</span> <span class='ocrx_word' id='word_1_277' title='bbox 656 3782 711 3847; x_wconf 94' lang='lat' dir='ltr'>vel</span> <span class='ocrx_word' id='word_1_278' title='bbox 725 3804 785 3866; x_wconf 93' lang='lat' dir='ltr'>pro</span> <span class='ocrx_word' id='word_1_279' title='bbox 801 3784 922 3866; x_wconf 88' lang='lat' dir='ltr'>quibus</span> <span class='ocrx_word' id='word_1_280' title='bbox 943 3784 1005 3867; x_wconf 92' lang='lat' dir='ltr'>ipsi</span> <span class='ocrx_word' id='word_1_281' title='bbox 1027 3785 1173 3868; x_wconf 91' lang='lat' dir='ltr'>episcopi</span> <span class='ocrx_word' id='word_1_282' title='bbox 1189 3794 1266 3849; x_wconf 90' lang='lat' dir='ltr'>sunt</span> <span class='ocrx_word' id='word_1_283' title='bbox 1287 3784 1341 3862; x_wconf 92' lang='lat' dir='ltr'>rei,</span> <span class='ocrx_word' id='word_1_284' title='bbox 1357 3804 1417 3849; x_wconf 90' lang='lat' dir='ltr'>nec</span> <span class='ocrx_word' id='word_1_285' title='bbox 1440 3782 1527 3846; x_wconf 93' lang='lat' dir='ltr'>bona</span> <span class='ocrx_word' id='word_1_286' title='bbox 1549 3803 1650 3864; x_wconf 84' lang='lat' dir='ltr'>opera</span> 
     </span>
     <span class='ocr_line' id='line_1_29' title="bbox 296 3902 1650 3988; baseline -0.001 -22"><span class='ocrx_word' id='word_1_287' title='bbox 296 3902 487 3986; x_wconf 73' lang='lat' dir='ltr'>pradicant,</span> <span class='ocrx_word' id='word_1_288' title='bbox 517 3924 592 3986; x_wconf 86' lang='lat' dir='ltr'>quae</span> <span class='ocrx_word' id='word_1_289' title='bbox 626 3904 771 3987; x_wconf 91' lang='lat' dir='ltr'>episcopi</span> <span class='ocrx_word' id='word_1_290' title='bbox 805 3924 871 3968; x_wconf 93' lang='lat' dir='ltr'>non</span> <span class='ocrx_word' id='word_1_291' title='bbox 911 3904 1044 3984; x_wconf 84' lang='lat' dir='ltr'>iaciunt,</span> <span class='ocrx_word' id='word_1_292' title='bbox 1075 3906 1134 3970; x_wconf 90' lang='lat' dir='ltr'>sed</span> <span class='ocrx_word' id='word_1_293' title='bbox 1172 3905 1351 3988; x_wconf 83' lang='lat' dir='ltr'>negligunt,</span> <span class='ocrx_word' id='word_1_294' title='bbox 1380 3914 1414 3968; x_wconf 92' lang='lat' dir='ltr'>et</span> <span class='ocrx_word' id='word_1_295' title='bbox 1452 3902 1530 3967; x_wconf 90' lang='lat' dir='ltr'>talia</span> <span class='ocrx_word' id='word_1_296' title='bbox 1561 3902 1650 3966; x_wconf 91' lang='lat' dir='ltr'>bona</span> 
     </span>
     <span class='ocr_line' id='line_1_30' title="bbox 295 4023 1650 4109; baseline -0.001 -21"><span class='ocrx_word' id='word_1_297' title='bbox 295 4033 470 4108; x_wconf 88' lang='lat' dir='ltr'>operantes</span> <span class='ocrx_word' id='word_1_298' title='bbox 495 4024 656 4103; x_wconf 88' lang='lat' dir='ltr'>derident,</span> <span class='ocrx_word' id='word_1_299' title='bbox 680 4025 734 4089; x_wconf 91' lang='lat' dir='ltr'>vel</span> <span class='ocrx_word' id='word_1_300' title='bbox 763 4046 829 4089; x_wconf 93' lang='lat' dir='ltr'>non</span> <span class='ocrx_word' id='word_1_301' title='bbox 856 4023 1060 4109; x_wconf 89' lang='lat' dir='ltr'>ponderant.&#39;</span> <span class='ocrx_word' id='word_1_302' title='bbox 1115 4026 1199 4090; x_wconf 88' lang='lat' dir='ltr'>Haec</span> <span class='ocrx_word' id='word_1_303' title='bbox 1225 4025 1287 4091; x_wconf 84' lang='lat' dir='ltr'>fuit</span> <span class='ocrx_word' id='word_1_304' title='bbox 1311 4046 1377 4089; x_wconf 90' lang='lat' dir='ltr'>vox</span> <span class='ocrx_word' id='word_1_305' title='bbox 1408 4023 1592 4089; x_wconf 90' lang='lat' dir='ltr'>communis</span> <span class='ocrx_word' id='word_1_306' title='bbox 1616 4023 1650 4087; x_wconf 93' lang='lat' dir='ltr'>in</span> 
     </span>
     <span class='ocr_line' id='line_1_31' title="bbox 294 4143 1649 4229; baseline -0.003 -19"><span class='ocrx_word' id='word_1_307' title='bbox 294 4143 421 4210; x_wconf 89' lang='lat' dir='ltr'>clericis</span> <span class='ocrx_word' id='word_1_308' title='bbox 443 4155 478 4210; x_wconf 91' lang='lat' dir='ltr'>et</span> <span class='ocrx_word' id='word_1_309' title='bbox 500 4145 533 4208; x_wconf 94' lang='lat' dir='ltr'>in</span> <span class='ocrx_word' id='word_1_310' title='bbox 556 4145 679 4229; x_wconf 90' lang='lat' dir='ltr'>populo</span> <span class='ocrx_word' id='word_1_311' title='bbox 702 4146 744 4210; x_wconf 94' lang='lat' dir='ltr'>de</span> <span class='ocrx_word' id='word_1_312' title='bbox 767 4147 937 4229; x_wconf 88' lang='lat' dir='ltr'>episcopis,</span> <span class='ocrx_word' id='word_1_313' title='bbox 954 4156 987 4210; x_wconf 89' lang='lat' dir='ltr'>et</span> <span class='ocrx_word' id='word_1_314' title='bbox 1002 4148 1045 4212; x_wconf 91' lang='lat' dir='ltr'>de</span> <span class='ocrx_word' id='word_1_315' title='bbox 1059 4147 1114 4212; x_wconf 92' lang='lat' dir='ltr'>die</span> <span class='ocrx_word' id='word_1_316' title='bbox 1132 4148 1164 4210; x_wconf 93' lang='lat' dir='ltr'>in</span> <span class='ocrx_word' id='word_1_317' title='bbox 1180 4146 1269 4210; x_wconf 89' lang='lat' dir='ltr'>diem</span> <span class='ocrx_word' id='word_1_318' title='bbox 1287 4152 1499 4210; x_wconf 89' lang='lat' dir='ltr'>surrexerunt</span> <span class='ocrx_word' id='word_1_319' title='bbox 1517 4143 1649 4226; x_wconf 90' lang='lat' dir='ltr'>plurimi</span> 
     </span>
    </p>
   </div>
   <div class='ocr_carea' id='block_1_3' title="bbox 294 4264 1649 4434">
    <p class='ocr_par' dir='ltr' id='par_1_4' title="bbox 294 4264 1649 4434">
     <span class='ocr_line' id='line_1_32' title="bbox 294 4264 1649 4353; baseline -0.001 -24"><span class='ocrx_word' id='word_1_320' title='bbox 294 4264 329 4330; x_wconf 94' lang='lat' dir='ltr'>in</span> <span class='ocrx_word' id='word_1_321' title='bbox 355 4264 500 4349; x_wconf 89' lang='lat' dir='ltr'>populo;</span> <span class='ocrx_word' id='word_1_322' title='bbox 534 4275 569 4331; x_wconf 91' lang='lat' dir='ltr'>et</span> <span class='ocrx_word' id='word_1_323' title='bbox 593 4266 783 4334; x_wconf 88' lang='lat' dir='ltr'>occiderunt</span> <span class='ocrx_word' id='word_1_324' title='bbox 813 4269 1003 4353; x_wconf 87' lang='lat' dir='ltr'>episcopum</span> <span class='ocrx_word' id='word_1_325' title='bbox 1031 4267 1281 4347; x_wconf 76' lang='lat' dir='ltr'>cicestrensem,</span> <span class='ocrx_word' id='word_1_326' title='bbox 1306 4265 1421 4331; x_wconf 86' lang='lat' dir='ltr'>Adam</span> <span class='ocrx_word' id='word_1_327' title='bbox 1448 4265 1587 4344; x_wconf 90' lang='lat' dir='ltr'>Molens,</span> <span class='ocrx_word' id='word_1_328' title='bbox 1615 4274 1649 4329; x_wconf 93' lang='lat' dir='ltr'>et</span> 
     </span>
     <span class='ocr_line' id='line_1_33' title="bbox 960 4387 984 4434; baseline 0 0"><span class='ocrx_word' id='word_1_329' title='bbox 960 4387 984 4434; x_wconf 74' lang='lat' dir='ltr'>u·</span> 
     </span>
    </p>
   </div>
   <div class='ocr_carea' id='block_1_4' title="bbox 0 0 1914 4904">
    <p class='ocr_par' dir='ltr' id='par_1_5' title="bbox 0 0 1914 4904">
     <span class='ocr_line' id='line_1_34' title="bbox 0 0 1914 4904; baseline 0 2"><span class='ocrx_word' id='word_1_330' title='bbox 0 0 1914 4904; x_wconf 95' lang='lat' dir='ltr'> </span> 
     </span>
    </p>
   </div>
  </div>
 </body>
</html>
