3818 4904
299 416 340 482 32
681 406 780 460 LOCI
805 407 835 459 E
863 406 987 460 LIBRO
1023 404 1281 461 VERITATznvr.

303 615 367 693 sel;
402 617 472 698 ipse
495 618 583 696 enim
609 616 814 699 Reginaldus
838 615 948 679 Pecok
972 617 1145 697 episcopus
1168 626 1246 679 tunc
1266 615 1465 678 Assavensis
1487 615 1518 677 in
1535 613 1657 678 Wallia

302 740 463 802 concessit
488 739 670 801 Londoniis
692 738 812 820 palam,
837 738 927 820 quod
952 738 1095 820 episcopi
1119 747 1273 800 tenentur
1287 738 1474 819 praedicare,
1495 737 1553 799 i.e.
1576 736 1655 799 olim

303 860 501 923 tenebantur
531 860 719 941 praedicare,
749 881 794 923 sc.
826 860 960 942 quando
992 858 1138 940 episcopi
1170 857 1300 921 luerunt
1335 859 1438 921 curati
1473 858 1656 920 immediati

303 981 472 1044 constituti
509 981 540 1041 in
577 981 776 1054 civitatibus,
811 1000 876 1041 non
914 977 1075 1041 habentes
1109 989 1238 1042 curatos
1274 978 1484 1042 immediatos
1522 979 1583 1042 sub
1621 998 1657 1041 se

303 1101 512 1164 constitutos.
560 1100 645 1163 Haec
675 1101 809 1164 dicebat
839 1099 926 1162 idem
955 1099 1138 1181 episcopus,
1163 1099 1222 1161 sed
1245 1108 1362 1180 postea
1385 1099 1499 1181 inquit,
1522 1099 1662 1181 quando:

303 1221 364 1283 sub
386 1222 548 1303 episcopis
565 1222 667 1284 curati
689 1221 871 1283 immediati
892 1221 1063 1283 constituti
1085 1228 1185 1296 erant,
1201 1219 1345 1302 episcopi
1369 1231 1436 1282 non
1459 1219 1658 1283 tenebantur

304 1341 485 1422 praedicare
512 1341 590 1422 quia
618 1351 695 1403 tunc
723 1340 852 1403 fuerunt
877 1348 912 1401 ut
940 1341 1093 1422 episcopi,
1120 1339 1179 1402 i.e.
1204 1341 1510 1421 superintendentes
1537 1341 1660 1403 curatis

304 1473 337 1526 et
362 1463 502 1527 subditis
527 1482 648 1526 eorum.

390 1592 429 1659 [p.
457 1591 525 1657 360]
586 1580 617 1645 Ο
649 1581 804 1662 episcopi,
834 1580 997 1644 attendite
1031 1590 1064 1644 et
1094 1581 1206 1644 videte
1236 1582 1404 1662 quomodo
1431 1581 1500 1663 jam
1532 1584 1564 1644 in
1594 1581 1659 1645 hoc

303 1713 453 1786 tempore
487 1724 547 1786 per
578 1703 804 1766 concessiones
839 1701 976 1783 papales
1007 1711 1039 1765 et
1070 1701 1296 1783 indulgencias
1327 1702 1369 1764 ab
1401 1703 1473 1784 ipso
1499 1703 1659 1768 vocaliter

303 1844 476 1889 concessas
496 1823 590 1905 quasi
612 1831 684 1885 tota
707 1831 854 1903 potestas
873 1831 982 1885 vestra
999 1831 1051 1886 est
1069 1822 1234 1885 exhausta
1253 1832 1286 1885 et
1307 1825 1401 1905 quasi
1423 1824 1599 1901 destructa,
1624 1835 1659 1890 et

306 1966 388 2028 pura
403 1943 576 2025 vigilancia
591 1942 701 2005 videte
722 1963 764 2005 an
786 1941 849 2005 hoc
871 1941 937 2021 fiat,
954 1943 1006 2005 vel
1027 1953 1163 2024 propter
1181 1944 1322 2006 abusum
1337 1953 1455 2007 vestrae
1474 1946 1659 2025 potestatis

303 2066 355 2130 vel
384 2086 443 2148 per
465 2064 715 2146 usurpacionem
737 2073 770 2126 et
795 2064 1010 2145 cupiditatem
1037 2061 1146 2126 Curiae
1174 2064 1337 2127 Romanae
1364 2079 1397 2127 et
1428 2064 1658 2129 Romanorum

304 2186 573 2252 curtesanorum!
635 2185 752 2267 Nuper
788 2185 876 2246 enim
910 2186 985 2247 novi
1023 2186 1193 2268 quomodo
1230 2186 1403 2267 episcopus
1435 2184 1657 2265 Cicestrensis,

306 2309 467 2391 Magister
498 2306 661 2371 Ricardus
691 2306 801 2387 Praty,
831 2306 948 2368 doctor
977 2327 1077 2369 sacrae
1104 2306 1280 2387 theologiae
1311 2307 1462 2386 Oxoniae,
1491 2308 1658 2390 quendam

303 2431 459 2495 vicarium
484 2428 635 2511 pessimae
662 2426 760 2489 lamae
784 2436 818 2491 et
841 2447 983 2509 nequam
1008 2428 1084 2491 vitae
1111 2430 1410 2493 excommunicavit
1435 2439 1469 2493 et
1499 2429 1660 2493 beneficio

303 2552 454 2635 privavit,
480 2560 514 2614 et
541 2549 630 2612 idem
655 2547 794 2611 vicarius
821 2547 928 2630 ipsum
956 2551 1156 2630 episcopum,
1180 2559 1255 2631 post
1281 2548 1415 2631 longam
1441 2553 1659 2615 vexacionem

303 2673 336 2735 in
370 2670 469 2736 Curia
500 2672 542 2733 de
575 2667 731 2732 Arcubus
766 2667 959 2747 Londoniae,
992 2671 1179 2753 requirebat
1212 2673 1402 2754 episcopum
1437 2672 1499 2735 sub
1530 2673 1659 2754 magnis

303 2793 412 2876 poenis
428 2792 536 2873 ipsum
555 2789 726 2853 absolvere
747 2810 766 2852 a
785 2792 952 2854 sentencia
974 2794 1330 2856 excommunicacionis
1350 2793 1471 2857 virtute
1486 2794 1660 2876 potestatis

303 2913 495 2977 absolvendi
520 2932 684 2976 concessae
708 2933 728 2974 a
750 2931 838 2994 papa
862 2912 1014 2995 Eugenio
1037 2916 1221 2996 cuicunque
1250 2915 1383 2997 ydoneo
1414 2915 1577 2978 sacerdoti
1599 2935 1662 2997 pro

303 3033 450 3117 quolibet
474 3033 639 3097 existente
666 3033 708 3096 de
733 3033 933 3115 paternitate
956 3035 1075 3098 domus
1103 3033 1217 3099 Sancti
1244 3034 1386 3099 Antonii
1410 3035 1602 3114 Londoniis,
1625 3047 1663 3103 et,

303 3158 478 3239 episcopus
511 3175 680 3236 nunquam
717 3154 781 3218 hoc
811 3154 887 3218 lecit
921 3156 979 3220 sed
1013 3156 1122 3238 ipsum
1155 3159 1480 3221 excommunicatum
1518 3156 1660 3239 privavit

302 3278 432 3354 vicaria,
459 3287 492 3343 et
524 3297 693 3359 nunquam
724 3297 782 3359 per
808 3285 961 3359 rogatum
988 3278 1118 3342 comitis
1141 3277 1293 3343 Arundel
1321 3288 1354 3343 et
1380 3278 1519 3341 aliorum
1550 3277 1663 3361 ipsum·

304 3400 457 3476 restituit,
483 3399 542 3463 sed
565 3420 586 3463 a
612 3399 734 3463 diocesi
762 3418 821 3462 sua
849 3419 991 3481 nequam
1015 3420 1116 3483 pecus
1142 3397 1248 3480 ejecit,
1277 3399 1398 3477 dicens,
1427 3399 1533 3464 ‘Haec
1555 3399 1663 3488 litera,

302 3542 403 3605 quam
425 3522 516 3599 dicis,
531 3520 592 3584 tibi
613 3541 769 3585 concessa
788 3542 808 3583 a
829 3541 917 3603 papa
937 3530 1072 3585 enervat
1091 3541 1225 3585 omnem
1247 3529 1445 3611 potestatem
1468 3540 1661 3585 concessam

303 3665 322 3708 a
350 3645 497 3708 Domino
525 3644 697 3725 episcopis,
728 3643 805 3725 quia
820 3663 880 3719 ex
906 3642 962 3706 illo
988 3662 1145 3706 concessu
1169 3643 1317 3725 sequitur
1339 3644 1429 3725 quod
1456 3641 1661 3724 quiscunque

304 3765 409 3831 malus
444 3765 505 3830 erit
540 3764 711 3849 absolutus
746 3764 788 3826 ab
822 3765 985 3846 episcop0,
1021 3762 1108 3840 velit,
1145 3762 1227 3826 nolit
1261 3763 1443 3845 episcopus,
1476 3762 1528 3826 vel
1565 3760 1661 3826 aliter

304 3887 477 3969 episcopus
503 3885 647 3949 incurrat
678 3883 838 3948 offensam
869 3904 965 3966 papae
985 3892 1032 3962 et
1061 3883 1107 3947 sic
1137 3883 1311 3966 episcopus
1340 3882 1481 3965 quilibet
1509 3881 1660 3954 absolvet

303 4007 484 4090 pessimum
509 4008 674 4070 tirannum
698 4026 758 4089 pro
785 4006 974 4070 ostensione
998 4004 1098 4068 bullae
1124 4003 1253 4088 papalis
1277 4004 1346 4068 sive
1372 4024 1569 4089 quocunque
1594 4002 1662 4068 alio

306 4129 416 4192 medio
452 4128 608 4211 requisito
639 4127 682 4192 ad
717 4126 961 4207 absolucionem
1000 4135 1144 4192 vestram
1180 4146 1291 4190 coram
1330 4125 1487 4189 Domino.
1553 4121 1660 4202 Item,’

306 4249 411 4331 inquit
442 4250 529 4313 idern
561 4250 742 4334 episcopus
774 4257 859 4314 ‘non
894 4251 1042 4332 sequitur
1072 4269 1125 4312 me
1155 4248 1276 4311 debere
1307 4258 1340 4310 te
1373 4247 1551 4325 absolvere,
1581 4248 1661 4330 quia
