3818 4904
661 431 761 487 LOCI
785 433 815 486 E
844 433 969 488 LIBRO
1003 433 1259 489 VERITATUM.
1575 445 1635 510 103

286 657 321 712 et
345 648 477 730 propria
502 669 601 711 manu
628 669 688 712 sua
713 649 844 731 scripta,
866 668 964 731 super
987 647 1174 729 Epistolam
1197 647 1286 710 beati
1310 647 1401 711 Pauli
1424 649 1566 729 apostoli
1589 649 1635 730 ijm

286 769 330 833 ad
356 768 553 833 Corintheos
575 767 645 851 iiij0,
670 779 705 834 et
731 779 781 833 est
808 771 893 833 inter
914 767 1030 832 iratres
1053 769 1195 831 minores
1218 767 1362 831 Oxoniae
1384 776 1418 831 et
1445 769 1636 852 registratur

286 888 467 971 ‘Epistolae
491 888 583 952 Pauli
613 886 789 973 apostoli3’
825 897 859 953 et
889 898 940 952 est
963 887 1017 952 ille
1042 888 1125 951 liber
1148 889 1180 950 in
1204 887 1335 951 libraria
1358 899 1546 963 conventus,
1574 890 1633 953 sed

287 1027 353 1072 non
375 1009 408 1072 in
429 1009 558 1072 libraria
578 1010 793 1088 studenci'um,
809 1010 884 1073 duae
902 1009 990 1072 enim
1013 1017 1089 1071 sunt
1111 1007 1233 1072 ibidem
1256 1008 1395 1071 librariae
1415 1011 1500 1073 inter
1520 1009 1636 1074 fratres

287 1129 429 1192 minores
445 1129 599 1194 Oxoniae.

374 1257 433 1322 [in]
478 1255 579 1312 Fides
610 1257 693 1313 Jesu
722 1256 792 1311 xri.
842 1249 969 1313 Omnes
998 1249 1130 1331 spiritus
1160 1249 1273 1312 laudet
1303 1248 1485 1312 Dominum
1516 1250 1636 1329 Deum,

286 1370 549 1452 omnipotentem
580 1379 717 1451 patrem,
744 1377 778 1433 et
805 1367 908 1431 filium
939 1368 1009 1450 ejus
1041 1370 1246 1452 unigenitum
1276 1369 1481 1433 incarnatum
1509 1370 1635 1451 Jesum‚

285 1499 321 1554 et
351 1488 511 1572 Spiritum
542 1488 712 1566 Sanctum,
742 1489 798 1570 qui
830 1489 922 1552 Deus
952 1489 1170 1572 omnipotens,
1200 1510 1288 1553 anno
1319 1489 1378 1553 Xti
1411 1489 1491 1570 Jesu
1528 1491 1635 1572 14560,

285 1608 363 1673 fecit
393 1629 549 1691 magnam
578 1629 673 1672 suam
703 1609 873 1672 victoriam
903 1629 979 1672 cum
1011 1611 1124 1692 paucis
1152 1610 1291 1686 Xtianis,
1317 1609 1384 1672 suis
1410 1610 1636 1674 instrumentis

285 1738 321 1794 et
358 1729 521 1807 ministris,
551 1737 667 1793 contra
701 1728 827 1792 Turcos
862 1749 1019 1810 paganos,
1050 1739 1084 1794 et
1114 1750 1227 1793 eorum
1256 1730 1436 1813 principem
1466 1739 1635 1814 perpetuae

287 1850 472 1914 maledictae
500 1850 676 1927 memoriae,
700 1848 792 1931 cujus
820 1869 941 1913 nomen
968 1850 1028 1913 fuit
1056 1850 1263 1914 Macometus
1288 1851 1367 1933 ch,
1389 1851 1408 1914 i.
1418 1871 1446 1915 e.
1473 1850 1634 1914 dominus.

285 1969 389 2033 Anno
410 1970 498 2034 enim
520 1970 653 2032 Domini
676 1968 754 2049 Jesu
776 1970 880 2051 14560,
896 1970 1003 2053 ipsum
1019 1970 1164 2034 Turcum
1183 1971 1379 2048 venientem,
1396 1990 1471 2034 cum
1486 1971 1636 2036 ducentis

286 2091 417 2155 milibus
446 2100 648 2154 armatorum
675 2099 708 2153 et
738 2089 985 2173 quinquaginta,
1011 2099 1044 2154 et
1075 2111 1150 2155 cum
1178 2089 1290 2154 multis
1316 2090 1540 2156 instrumentis
1566 2092 1635 2156 bel-

285 2211 402 2290 licosis,
431 2210 509 2274 vicit
540 2210 629 2274 Xtus
663 2231 738 2273 cum
769 2230 892 2292 magno
922 2211 1101 2293 opprobrio
1131 2211 1210 2292 ipsis
1239 2211 1350 2289 tritis;
1388 2211 1517 2277 fuerunt
1547 2213 1637 2276 enim

284 2332 362 2397 victi
393 2332 511 2396 eodem
541 2351 629 2395 anno
660 2330 761 2413 juxta
790 2331 959 2395 civitatem
988 2330 1191 2413 Bellegrade,
1223 2331 1280 2394 ie.
1310 2331 1464 2413 ‘pulcher
1495 2331 1636 2415 gradus,'

284 2453 443 2518 cituatam
463 2451 563 2534 juxta
586 2450 708 2514 flumen
731 2460 885 2515 vocatum
909 2450 1109 2524 Danubium,
1126 2450 1215 2533 quod
1238 2460 1288 2514 est
1311 2450 1411 2514 clavis
1434 2461 1468 2515 et
1489 2452 1635 2515 hostium

284 2573 425 2638 clvitatis
445 2572 646 2654 Hungariae;
673 2572 706 2634 in
721 2564 788 2654 quo
807 2572 895 2636 bello
914 2589 958 2651 40
978 2571 1068 2634 milia
1084 2571 1283 2634 Xtianorum
1299 2570 1487 2636 occiderunt
1503 2582 1635 2636 centum

284 2693 374 2757 milia
394 2693 575 2757 Turcorum
599 2702 632 2756 et
656 2690 697 2753 80
721 2693 819 2767 milia,
835 2701 869 2756 et
885 2693 927 2755 de
946 2692 1077 2756 Xtianis
1098 2691 1228 2756 fuerunt
1250 2701 1328 2755 tunc
1349 2692 1447 2756 occisi
1474 2691 1511 2753 18
1535 2693 1635 2770 milia,

284 2824 318 2878 et
344 2814 471 2879 Turcus
498 2813 553 2877 ille
574 2814 718 2895 graviter
738 2813 927 2876 vulneratus
949 2813 1019 2887 suit,
1044 2822 1077 2876 et
1100 2813 1197 2876 occisi
1220 2821 1296 2875 sunt
1319 2812 1389 2895 ejus
1413 2816 1523 2895 magni
1547 2815 1636 2897 capi·

284 2935 383 3012 tanei,
399 2945 434 3000 et
447 2933 519 2998 haec
539 2944 614 2998 acta
630 2943 708 2999 tunc
726 2932 866 3009 fuerunt,
882 2933 927 2997 ibi
946 2941 1062 2997 orante
1077 2933 1148 2997 Xto
1166 2934 1287 2997 devoto
1301 2933 1371 2996 viro
1386 2933 1485 2998 fratre
1510 2934 1636 2999 minore

284 3056 437 3137 Johanne
458 3054 662 3138 Capistran0,
682 3054 771 3118 socio
792 3056 960 3137 quondam
987 3054 1100 3118 Sancti
1122 3054 1324 3131 Barnardini,
1341 3053 1448 3118 fratris
1466 3058 1634 3138 quondam

285 3177 419 3240 minoris
438 3177 481 3240 de
499 3175 720 3251 observancia,
737 3175 793 3257 qui
812 3186 890 3240 tunc
910 3175 1015 3238 oravit
1034 3195 1145 3239 coram
1161 3194 1256 3239 cruce
1274 3174 1359 3238 inter
1379 3175 1468 3257 ipsos
1484 3175 1634 3256 Xtianos,

284 3318 344 3379 pro
370 3298 436 3361 fide
459 3297 519 3360 Xti
545 3296 754 3360 defendenda
780 3306 858 3360 tunc
885 3304 999 3358 contra
1023 3294 1150 3359 Turcos
1177 3304 1212 3359 et
1237 3303 1352 3359 contra
1377 3314 1525 3377 paganos
1549 3317 1632 3380 pug-

285 3428 401 3482 nantes
423 3427 536 3481 contra
558 3417 700 3483 Xtianos
721 3437 809 3480 anno
830 3416 889 3480 Xti
911 3423 981 3478 mmo
997 3421 1107 3480 cccc1¹1⁰
1121 3415 1395 3498 quinquagesimo
1416 3425 1523 3494 sexto,
1534 3416 1634 3499 juxta

283 3559 405 3620 aquam
433 3538 588 3616 Danubii,
607 3537 706 3619 juxta
732 3547 875 3602 castrum
901 3545 1056 3601 vocatum
1082 3537 1186 3600 ‘altus
1211 3533 1367 3619 gradus3’
1399 3537 1498 3619 igitur
1526 3538 1635 3601 omnis

284 3661 416 3743 spiritus
438 3658 552 3723 laudet
575 3660 757 3722 Dominum
784 3678 921 3741 semper,
944 3657 1067 3723 Amen.
1113 3659 1197 3722 Haec
1223 3667 1340 3741 patent
1361 3657 1395 3720 in
1417 3657 1507 3721 bulla
1536 3679 1635 3740 papae

284 3779 410 3846 calixti
445 3781 476 3864 iij
490 3779 510 3856 ¹,
546 3781 646 3844 missa
680 3780 713 3842 in
751 3777 911 3861 Angliam
945 3778 1192 3862 archiepiscopo
1228 3775 1465 3856 Cantuariensi,
1497 3779 1636 3843 domino

282 3901 425 3969 Thomae
455 3900 629 3980 Bourcher,
657 3911 690 3965 et
720 3901 792 3965 aliis
823 3900 993 3983 episcopis,
1020 3921 1107 3963 anno
1138 3900 1198 3964 Xti
1232 3906 1302 3961 ιιι1110
1332 3905 1443 3963 ccccmo
1472 3899 1632 3981 quinqua·

229 4002 233 4007 ⁵
283 4025 411 4108 gesimo
437 4033 554 4102 sext03
586 4033 620 4087 et
647 4024 764 4088 eodem
794 4043 881 4086 anno
908 4023 978 4101 Xti,
1005 4022 1135 4106 legatus
1164 4042 1261 4104 papae
1289 4020 1412 4085 Calixti
1443 4021 1534 4085 tercii
1563 4021 1634 4100 fuit,

282 4156 360 4229 post
386 4144 511 4210 bellum
536 4146 741 4227 praedictum,
764 4146 796 4208 in
823 4144 959 4208 diversis
988 4144 1104 4227 regnis,
1127 4154 1162 4209 et
1188 4145 1221 4206 in
1249 4142 1411 4216 Flandria,
1436 4162 1512 4206 cum
1537 4143 1635 4226 signo

447 4279 571 4331 ¹Secthe
583 4280 647 4341 Bull,
658 4279 735 4330 dated
747 4281 846 4345 August
857 4279 881 4337 6,
897 4290 967 4343 1457.
1001 4280 1074 4329 Tom.
1087 4295 1123 4333 ιιι
1134 4280 1193 4330 Part
1205 4279 1253 4329 111.
1288 4279 1375 4339 Rome,
1391 4288 1419 4341 17
1439 4292 1458 4340 3.
