3818 4904
290 383 357 454 '106
668 392 767 450 coc]
793 393 822 449 a
851 393 974 449 clauo
1011 393 1266 452 VERJTATUM.

295 612 464 695 quondam
490 611 522 673 in
543 610 699 692 Nubrige,
718 610 846 673 solebat
873 610 990 688 dicere,
1006 612 1139 691 quando
1163 609 1224 673 suit
1249 618 1359 671 motus
1383 629 1439 671 seu
1465 618 1649 691 temptatus

293 733 337 797 ad
361 732 582 816 peccandum:
608 730 657 794 ‘O
674 728 868 812 peccatum!
893 740 1019 812 quanta
1042 730 1168 794 solvam
1187 751 1247 811 pro
1271 740 1314 805 te,
1331 730 1357 792 si
1379 739 1414 793 te
1435 731 1599 812 recipiam,
1617 739 1650 793 et

294 853 356 918 tibi
380 852 608 928 consenciam3
633 850 759 914 solvam
788 862 914 932 prote,
938 861 971 915 et
998 850 1105 934 patiar
1129 873 1188 934 pro
1210 860 1245 914 te
1268 861 1415 933 peccato,
1438 851 1465 913 si
1489 851 1548 915 tibi
1572 870 1650 913 con·

293 972 449 1048 senciam,
480 971 664 1035 carenciam
693 971 813 1053 graciae
844 971 908 1034 Dei
940 982 973 1034 et
1002 971 1115 1053 gloriae
1145 981 1286 1047 aeternae,
1317 981 1351 1035 et
1382 970 1476 1052 plura
1506 969 1652 1053 poenalia

295 1093 403 1177 patiar
423 1113 483 1175 pro
505 1101 560 1156 te:
584 1091 661 1153 nolo
682 1111 770 1173 ergo,
794 1091 824 1155 O
846 1099 1036 1172 peccatum!
1060 1091 1186 1155 solvere
1209 1101 1260 1155 tot
1282 1101 1314 1154 et
1336 1101 1431 1155 tanta
1453 1111 1514 1173 pro
1536 1100 1570 1154 te
1593 1089 1651 1153 ha·

294 1213 415 1288 bend0‚
439 1221 490 1276 tot
514 1212 601 1275 enim
625 1211 713 1275 mala
737 1221 771 1275 et
797 1213 944 1294 poenalia
965 1212 1091 1275 solvam
1118 1234 1178 1294 pro
1201 1222 1235 1275 te
1261 1223 1408 1295 peccato,
1433 1222 1467 1276 et
1490 1220 1540 1274 tot
1565 1210 1652 1275 mala

296 1333 467 1397 sustinebo
484 1353 544 1416 pro
565 1341 607 1410 te,
622 1334 649 1395 si
671 1331 730 1395 tibi
752 1334 981 1410 consenciam3
1005 1333 1082 1396 nolo
1103 1333 1450 1415 erg0,Opeccatum1
1474 1331 1597 1395 habere
1618 1342 1652 1394 te

295 1474 356 1520 nec
379 1474 490 1518 emere
511 1463 546 1517 te
568 1463 639 1517 tam
663 1472 785 1533 magno
809 1464 842 1517 et
865 1463 935 1516 tam
959 1474 1036 1517 caro
1059 1451 1186 1536 preti0.’
1241 1454 1326 1518 Haec
1353 1453 1440 1516 dixit
1465 1452 1519 1516 iile
1545 1452 1653 1515 bonus

295 1573 483 1639 Willelmus
506 1575 549 1637 de
571 1573 723 1656 Nubrige
745 1573 830 1636 circa
853 1593 978 1637 annum
1002 1574 1139 1637 Domini
1164 1581 1233 1636 m¹²¹0
1256 1579 1368 1636 ccccm⁰
1391 1572 1538 1654 xxxiiij0.

383 1703 417 1772 [p.
434 1702 505 1771 5³9]
549 1702 704 1757 Furtum.
751 1694 908 1771 ODeus,
937 1695 994 1776 qui
1021 1694 1151 1775 judicas
1181 1696 1372 1776 aequitatem
1404 1702 1438 1756 et
1465 1693 1653 1756 consideras

295 1812 444 1879 laborem
469 1823 503 1878 et
526 1814 675 1877 dolorem
697 1821 900 1896 pauperum!
925 1815 967 1877 da
991 1814 1195 1877 intellectum
1217 1834 1331 1877 verum
1355 1813 1500 1876 ecclesiis
1522 1820 1556 1875 et
1580 1811 1653 1874 reli-

295 1934 404 2018 giosis,
432 1936 488 2017 qui
519 1934 606 1997 bona
636 1934 835 1998 sufficiencia
867 1955 911 1996 ex
941 1934 1088 2016 primeva
1118 1934 1314 1997 fundacione
1344 1932 1492 1996 locorum
1519 1952 1653 1995 suorum
1731 1941 1737 1964 “

295 2053 430 2133 habent,
452 2055 541 2118 unde
570 2075 671 2137 opera
702 2054 887 2118 necessaria
917 2054 1110 2128 sustineant,
1142 2063 1176 2117 et
1216 2053 1396 2136 perficiant,
1426 2073 1472 2116 sc.
1502 2053 1653 2127 vivendo,

296 2176 431 2253 orando,
447 2175 622 2248 studendo,
642 2174 793 2257 legendo,
809 2184 843 2238 et
866 2175 1040 2238 scribendo
1063 2174 1319 2257 explanaciones
1342 2184 1530 2237 sanctarum
1553 2172 1655 2254 scrip·

297 2304 444 2359 turarum
470 2306 504 2361 et
530 2315 639 2359 rerum
662 2316 744 2377 quas
772 2296 865 2358 Deus
889 2296 1012 2359 sanctis
1034 2296 1111 2357 viris
1138 2307 1172 2359 et
1196 2295 1387 2358 doctoribus
1414 2293 1580 2371 revelavit,
1600 2296 1655 2357 ‘ut

297 2437 357 2499 per
379 2417 643 2480 consolacionem
670 2418 902 2498 scripturarum
927 2437 1021 2499 spem
1048 2416 1230 2479 habeamus
1254 2418 1287 2479 in
1312 2416 1383 2479 Xto
1405 2415 1484 2496 Jesu
1509 2415 1656 2478 Domino

298 2534 430 2601 nostro’
476 2538 506 2602 O
524 2539 635 2602 Deus!
660 2537 810 2601 illumina
833 2539 946 2601 oculos
967 2539 1087 2602 mentis
1108 2548 1141 2600 et
1162 2539 1278 2601 talium
1301 2538 1443 2600 virorum
1460 2537 1516 2618 qui
1537 2546 1656 2618 petunt

297 2658 387 2722 bona
422 2659 541 2741 quibus
575 2679 642 2721 non
676 2660 833 2741 indigent,
866 2659 930 2721 illis
959 2659 1055 2722 bonis
1088 2659 1264 2737 abutendo,
1295 2670 1328 2723 et
1362 2658 1418 2721 illa
1448 2658 1656 2721 effundentes

298 2779 384 2843 circa
413 2789 507 2844 actus
537 2801 603 2844 non
634 2781 843 2856 necessarios,
875 2801 941 2843 non
973 2782 1082 2845 Deum
1114 2782 1307 2845 immediate
1338 2801 1399 2844 nec
1429 2780 1555 2843 cultum
1586 2778 1656 2862 ejus

299 2910 533 2964 concernentes
568 2921 629 2983 per
660 2901 809 2965 scienciae
843 2912 1068 2983 augmentum,
1100 2911 1133 2965 et
1163 2903 1240 2966 vitae
1278 2922 1368 2984 purae
1407 2902 1657 2964 incrementum.

299 3019 400 3085 Tales
422 3022 637 3104 appropriant
660 3022 721 3085 sibi
752 3022 907 3086 ecclesias
937 3021 1149 3104 parochiales,
1174 3032 1208 3086 et
1229 3022 1319 3085 bona
1349 3032 1383 3086 et
1409 3024 1555 3086 decimas
1586 3021 1657 3084 illa-

299 3161 382 3217 rum,
414 3142 595 3206 rectoribus
624 3143 835 3224 pertinentes,
867 3152 1027 3225 tanquam
1056 3153 1089 3207 et
1124 3143 1253 3206 illorum
1286 3143 1447 3206 bonorum
1486 3143 1658 3224 dispensa·

300 3262 427 3326 toribus
450 3261 524 3344 jure
550 3273 676 3328 naturae
703 3273 737 3327 et
756 3263 830 3346 jure
852 3264 964 3327 divino
991 3264 1113 3347 scripto
1136 3274 1170 3328 et
1190 3264 1263 3346 jure
1286 3264 1430 3328 ecciesiae
1453 3264 1497 3327 ab
1520 3263 1659 3327 ecclesia

299 3382 452 3448 instituto
483 3394 516 3447 et
547 3385 689 3462 decret0,
713 3385 810 3460 unde,
839 3407 898 3468 per
923 3385 1007 3448 tales
1037 3386 1332 3468 appropriaciones,
1357 3385 1568 3448 ecclesiarum
1598 3383 1658 3446 viri

301 3504 481 3580 scientifici,
506 3514 539 3568 et
568 3505 666 3569 bonae
697 3514 731 3568 et
756 3507 951 3569 excellentis
974 3507 1060 3584 vitae,
1087 3507 1143 3588 qui
1171 3516 1281 3570 essent
1306 3507 1340 3568 in
1367 3505 1489 3569 talibus
1515 3516 1659 3568 rectores

300 3625 494 3704 animarum,
524 3648 545 3690 a
571 3645 648 3689 cura
677 3627 862 3689 animarum
890 3626 1010 3708 injuste
1041 3626 1257 3702 retrahuntur,
1286 3638 1422 3709 propter
1448 3623 1658 3688 exhilitatem

301 3746 475 3821 bonorum,
502 3767 578 3829 quae
608 3748 859 3830 appropriantes
890 3750 1076 3812 concedunt
1110 3758 1232 3824 curat0,
1264 3755 1297 3810 et
1327 3749 1372 3810 sic
1403 3747 1517 3810 debita
1552 3766 1660 3809 sacra·

302 3876 488 3931 mentorum
504 3868 756 3942 administracio,
774 3878 863 3932 recta
879 3878 912 3932 et
931 3871 1052 3933 devota
1070 3870 1188 3946 oracio,
1206 3867 1401 3951 praedicacio
1416 3868 1506 3931 verbi
1523 3867 1659 3929 Domini

303 3997 337 4051 et
363 3987 511 4052 veritatis
536 3988 728 4052 necessariae
756 3997 789 4052 et
813 3989 902 4052 utilis
925 3991 1079 4065 ostensio,
1098 3991 1224 4054 bonum
1247 3987 1419 4053 consilium
1442 3986 1659 4070 parochianis,

302 4107 427 4170 bonurn
465 4110 657 4191 exemplum
695 4111 835 4185 vivendi,
873 4110 1090 4193 hospitalitas,
1122 4120 1155 4174 et
1192 4109 1391 4187 elemosina,
1423 4118 1456 4172 et
1494 4107 1660 4171 exhibicio

298 4227 457 4311 juvenum
478 4229 751 4311 parochianorum
769 4232 812 4295 ad
835 4232 981 4295 studium
1002 4232 1169 4297 literarum
1185 4241 1217 4295 et
1239 4231 1463 4304 scienciarum,
1480 4248 1538 4312 per
1558 4227 1660 4292 talem
