<?xml version="1.0" encoding="UTF-8"?>
<!DOCTYPE html PUBLIC "-//W3C//DTD XHTML 1.0 Transitional//EN"
    "http://www.w3.org/TR/xhtml1/DTD/xhtml1-transitional.dtd">
<html xmlns="http://www.w3.org/1999/xhtml" xml:lang="en" lang="en">
 <head>
  <title>
</title>
<meta http-equiv="Content-Type" content="text/html;charset=utf-8" />
  <meta name='ocr-system' content='tesseract 3.04.00' />
  <meta name='ocr-capabilities' content='ocr_page ocr_carea ocr_par ocr_line ocrx_word'/>
</head>
<body>
  <div class='ocr_page' id='page_1' title='image "./locielibroverit00gascgoog/locielibroverit00gascgoog_0165.png"; bbox 0 0 3818 4904; ppageno 0'>
   <div class='ocr_carea' id='block_1_1' title="bbox 299 403 1272 482">
    <p class='ocr_par' dir='ltr' id='par_1_1' title="bbox 299 403 1272 482">
     <span class='ocr_line' id='line_1_1' title="bbox 299 403 1272 482; baseline -0.004 -18"><span class='ocrx_word' id='word_1_1' title='bbox 299 403 342 482; x_wconf 87' lang='lat'>64</span> <span class='ocrx_word' id='word_1_2' title='bbox 674 409 773 464; x_wconf 87' lang='lat' dir='ltr'><em>LOCI</em></span> <span class='ocrx_word' id='word_1_3' title='bbox 797 408 828 461; x_wconf 91' lang='lat' dir='ltr'><em>E</em></span> <span class='ocrx_word' id='word_1_4' title='bbox 855 407 980 460; x_wconf 86' lang='lat' dir='ltr'><em>LIBRO</em></span> <span class='ocrx_word' id='word_1_5' title='bbox 1014 405 1272 461; x_wconf 81' lang='lat' dir='ltr'><em>VERITATUM.</em></span> 
     </span>
    </p>
   </div>
   <div class='ocr_carea' id='block_1_2' title="bbox 298 619 1653 2995">
    <p class='ocr_par' dir='ltr' id='par_1_2' title="bbox 298 619 1653 2995">
     <span class='ocr_line' id='line_1_2' title="bbox 298 619 1650 704; baseline 0 -20"><span class='ocrx_word' id='word_1_6' title='bbox 298 621 439 704; x_wconf 91' lang='lat' dir='ltr'>plurima</span> <span class='ocrx_word' id='word_1_7' title='bbox 457 622 544 688; x_wconf 91' lang='lat' dir='ltr'>mala</span> <span class='ocrx_word' id='word_1_8' title='bbox 562 622 810 687; x_wconf 83' lang='lat' dir='ltr'>occasionaliter</span> <span class='ocrx_word' id='word_1_9' title='bbox 830 631 953 698; x_wconf 89' lang='lat' dir='ltr'>causat,</span> <span class='ocrx_word' id='word_1_10' title='bbox 968 621 1046 702; x_wconf 91' lang='lat' dir='ltr'>quia</span> <span class='ocrx_word' id='word_1_11' title='bbox 1069 640 1134 683; x_wconf 91' lang='lat' dir='ltr'>non</span> <span class='ocrx_word' id='word_1_12' title='bbox 1156 620 1295 702; x_wconf 90' lang='lat' dir='ltr'>impedit</span> <span class='ocrx_word' id='word_1_13' title='bbox 1317 619 1411 693; x_wconf 91' lang='lat' dir='ltr'>mala,</span> <span class='ocrx_word' id='word_1_14' title='bbox 1429 641 1489 684; x_wconf 91' lang='lat' dir='ltr'>nec</span> <span class='ocrx_word' id='word_1_15' title='bbox 1510 621 1650 703; x_wconf 91' lang='lat' dir='ltr'>opponit</span> 
     </span>
     <span class='ocr_line' id='line_1_3' title="bbox 299 741 1649 827; baseline -0.001 -20"><span class='ocrx_word' id='word_1_16' title='bbox 299 765 343 822; x_wconf 91' lang='lat' dir='ltr'>se,</span> <span class='ocrx_word' id='word_1_17' title='bbox 366 753 403 807; x_wconf 91' lang='lat' dir='ltr'>ut</span> <span class='ocrx_word' id='word_1_18' title='bbox 426 746 698 827; x_wconf 88' lang='lat' dir='ltr'>impedimentum</span> <span class='ocrx_word' id='word_1_19' title='bbox 721 765 778 806; x_wconf 88' lang='lat' dir='ltr'>seu</span> <span class='ocrx_word' id='word_1_20' title='bbox 802 763 941 816; x_wconf 90' lang='lat' dir='ltr'>murum,</span> <span class='ocrx_word' id='word_1_21' title='bbox 965 762 1025 823; x_wconf 94' lang='lat' dir='ltr'>pro</span> <span class='ocrx_word' id='word_1_22' title='bbox 1047 741 1148 804; x_wconf 92' lang='lat' dir='ltr'>domo</span> <span class='ocrx_word' id='word_1_23' title='bbox 1171 742 1316 819; x_wconf 90' lang='lat' dir='ltr'>Domini,</span> <span class='ocrx_word' id='word_1_24' title='bbox 1340 753 1373 806; x_wconf 93' lang='lat' dir='ltr'>et</span> <span class='ocrx_word' id='word_1_25' title='bbox 1396 743 1537 824; x_wconf 91' lang='lat' dir='ltr'>plurima</span> <span class='ocrx_word' id='word_1_26' title='bbox 1561 746 1649 808; x_wconf 92' lang='lat' dir='ltr'>bona</span> 
     </span>
     <span class='ocr_line' id='line_1_4' title="bbox 298 861 1650 947; baseline -0.001 -20"><span class='ocrx_word' id='word_1_27' title='bbox 298 885 399 947; x_wconf 90' lang='lat' dir='ltr'>opera</span> <span class='ocrx_word' id='word_1_28' title='bbox 428 866 542 929; x_wconf 91' lang='lat' dir='ltr'>debita</span> <span class='ocrx_word' id='word_1_29' title='bbox 578 865 646 928; x_wconf 85' lang='lat' dir='ltr'>fieri</span> <span class='ocrx_word' id='word_1_30' title='bbox 684 885 743 947; x_wconf 87' lang='lat' dir='ltr'>per</span> <span class='ocrx_word' id='word_1_31' title='bbox 779 864 966 926; x_wconf 88' lang='lat' dir='ltr'>absenciam</span> <span class='ocrx_word' id='word_1_32' title='bbox 996 861 1074 924; x_wconf 92' lang='lat' dir='ltr'>boni</span> <span class='ocrx_word' id='word_1_33' title='bbox 1113 862 1215 944; x_wconf 93' lang='lat' dir='ltr'>patris</span> <span class='ocrx_word' id='word_1_34' title='bbox 1248 863 1446 927; x_wconf 91' lang='lat' dir='ltr'>omittuntur</span> <span class='ocrx_word' id='word_1_35' title='bbox 1476 873 1511 928; x_wconf 93' lang='lat' dir='ltr'>et</span> <span class='ocrx_word' id='word_1_36' title='bbox 1547 864 1650 946; x_wconf 92' lang='lat' dir='ltr'>negli-</span> 
     </span>
     <span class='ocr_line' id='line_1_5' title="bbox 298 982 1650 1067; baseline 0.001 -21"><span class='ocrx_word' id='word_1_37' title='bbox 298 996 421 1067; x_wconf 88' lang='lat' dir='ltr'>guntur</span> <span class='ocrx_word' id='word_1_38' title='bbox 444 995 477 1049; x_wconf 91' lang='lat' dir='ltr'>et</span> <span class='ocrx_word' id='word_1_39' title='bbox 502 985 658 1049; x_wconf 90' lang='lat' dir='ltr'>oblivioni</span> <span class='ocrx_word' id='word_1_40' title='bbox 685 986 867 1048; x_wconf 92' lang='lat' dir='ltr'>traduntur.</span> <span class='ocrx_word' id='word_1_41' title='bbox 915 982 1039 1046; x_wconf 88' lang='lat' dir='ltr'>Sancto</span> <span class='ocrx_word' id='word_1_42' title='bbox 1066 983 1154 1045; x_wconf 91' lang='lat' dir='ltr'>enirn</span> <span class='ocrx_word' id='word_1_43' title='bbox 1177 982 1280 1046; x_wconf 92' lang='lat' dir='ltr'>Paulo</span> <span class='ocrx_word' id='word_1_44' title='bbox 1306 984 1459 1065; x_wconf 89' lang='lat' dir='ltr'>apostolo</span> <span class='ocrx_word' id='word_1_45' title='bbox 1484 985 1650 1049; x_wconf 83' lang='lat' dir='ltr'>existente</span> 
     </span>
     <span class='ocr_line' id='line_1_6' title="bbox 299 1102 1649 1188; baseline 0.001 -20"><span class='ocrx_word' id='word_1_46' title='bbox 299 1107 388 1188; x_wconf 91' lang='lat' dir='ltr'>apud</span> <span class='ocrx_word' id='word_1_47' title='bbox 406 1105 574 1185; x_wconf 90' lang='lat' dir='ltr'>Galathas,</span> <span class='ocrx_word' id='word_1_48' title='bbox 590 1106 771 1169; x_wconf 88' lang='lat' dir='ltr'>exulabant</span> <span class='ocrx_word' id='word_1_49' title='bbox 794 1105 916 1167; x_wconf 88' lang='lat' dir='ltr'>ibidem</span> <span class='ocrx_word' id='word_1_50' title='bbox 940 1123 1060 1185; x_wconf 92' lang='lat' dir='ltr'>magna</span> <span class='ocrx_word' id='word_1_51' title='bbox 1079 1102 1175 1181; x_wconf 86' lang='lat' dir='ltr'>mala,</span> <span class='ocrx_word' id='word_1_52' title='bbox 1191 1113 1224 1188; x_wconf 82' lang='lat' dir='ltr'>ct</span> <span class='ocrx_word' id='word_1_53' title='bbox 1244 1103 1484 1168; x_wconf 90' lang='lat' dir='ltr'>habundabant</span> <span class='ocrx_word' id='word_1_54' title='bbox 1501 1106 1649 1180; x_wconf 72' lang='lat' dir='ltr'>virtutes</span> 
     </span>
     <span class='ocr_line' id='line_1_7' title="bbox 300 1223 1651 1308; baseline 0.001 -20"><span class='ocrx_word' id='word_1_55' title='bbox 300 1227 411 1289; x_wconf 89' lang='lat' dir='ltr'>studia</span> <span class='ocrx_word' id='word_1_56' title='bbox 440 1246 541 1289; x_wconf 87' lang='lat' dir='ltr'>sacrae</span> <span class='ocrx_word' id='word_1_57' title='bbox 570 1228 751 1308; x_wconf 74' lang='lat' dir='ltr'>scripturae,</span> <span class='ocrx_word' id='word_1_58' title='bbox 782 1246 882 1307; x_wconf 89' lang='lat' dir='ltr'>opera</span> <span class='ocrx_word' id='word_1_59' title='bbox 912 1225 1071 1287; x_wconf 87' lang='lat' dir='ltr'>doctrinae</span> <span class='ocrx_word' id='word_1_60' title='bbox 1102 1233 1135 1286; x_wconf 92' lang='lat' dir='ltr'>et</span> <span class='ocrx_word' id='word_1_61' title='bbox 1167 1244 1296 1304; x_wconf 82' lang='lat' dir='ltr'>magnae</span> <span class='ocrx_word' id='word_1_62' title='bbox 1327 1223 1516 1288; x_wconf 71' lang='lat' dir='ltr'>elemosinae</span> <span class='ocrx_word' id='word_1_63' title='bbox 1550 1228 1651 1289; x_wconf 85' lang='lat' dir='ltr'>servis</span> 
     </span>
     <span class='ocr_line' id='line_1_8' title="bbox 300 1344 1651 1425; baseline 0.001 -16"><span class='ocrx_word' id='word_1_64' title='bbox 300 1348 364 1409; x_wconf 88' lang='lat' dir='ltr'>Dei</span> <span class='ocrx_word' id='word_1_65' title='bbox 388 1348 535 1412; x_wconf 83' lang='lat' dir='ltr'>collectae</span> <span class='ocrx_word' id='word_1_66' title='bbox 556 1348 590 1410; x_wconf 92' lang='lat' dir='ltr'>in</span> <span class='ocrx_word' id='word_1_67' title='bbox 613 1349 826 1411; x_wconf 86' lang='lat' dir='ltr'>necessitates</span> <span class='ocrx_word' id='word_1_68' title='bbox 847 1344 1041 1408; x_wconf 88' lang='lat' dir='ltr'>relevandas</span> <span class='ocrx_word' id='word_1_69' title='bbox 1065 1353 1099 1408; x_wconf 93' lang='lat' dir='ltr'>et</span> <span class='ocrx_word' id='word_1_70' title='bbox 1122 1344 1156 1406; x_wconf 92' lang='lat' dir='ltr'>in</span> <span class='ocrx_word' id='word_1_71' title='bbox 1179 1344 1355 1425; x_wconf 88' lang='lat' dir='ltr'>scripturas</span> <span class='ocrx_word' id='word_1_72' title='bbox 1378 1347 1589 1425; x_wconf 88' lang='lat' dir='ltr'>scribendas;</span> <span class='ocrx_word' id='word_1_73' title='bbox 1618 1358 1651 1410; x_wconf 92' lang='lat' dir='ltr'>et</span> 
     </span>
     <span class='ocr_line' id='line_1_9' title="bbox 300 1465 1652 1532; baseline 0.001 -2"><span class='ocrx_word' id='word_1_74' title='bbox 300 1469 333 1530; x_wconf 93' lang='lat' dir='ltr'>in</span> <span class='ocrx_word' id='word_1_75' title='bbox 370 1468 524 1532; x_wconf 87' lang='lat' dir='ltr'>absencia</span> <span class='ocrx_word' id='word_1_76' title='bbox 561 1467 675 1532; x_wconf 87' lang='lat' dir='ltr'>Sancti</span> <span class='ocrx_word' id='word_1_77' title='bbox 714 1467 806 1530; x_wconf 93' lang='lat' dir='ltr'>Pauli</span> <span class='ocrx_word' id='word_1_78' title='bbox 843 1466 1005 1529; x_wconf 86' lang='lat' dir='ltr'>contraria</span> <span class='ocrx_word' id='word_1_79' title='bbox 1042 1465 1190 1528; x_wconf 90' lang='lat' dir='ltr'>omniurn</span> <span class='ocrx_word' id='word_1_80' title='bbox 1220 1465 1337 1528; x_wconf 92' lang='lat' dir='ltr'>horum</span> <span class='ocrx_word' id='word_1_81' title='bbox 1368 1468 1528 1531; x_wconf 92' lang='lat' dir='ltr'>bonorum</span> <span class='ocrx_word' id='word_1_82' title='bbox 1567 1469 1652 1531; x_wconf 88' lang='lat' dir='ltr'>inter</span> 
     </span>
     <span class='ocr_line' id='line_1_10' title="bbox 302 1584 1652 1667; baseline 0 -16"><span class='ocrx_word' id='word_1_83' title='bbox 302 1587 461 1652; x_wconf 90' lang='lat' dir='ltr'>Galathas</span> <span class='ocrx_word' id='word_1_84' title='bbox 490 1587 738 1665; x_wconf 86' lang='lat' dir='ltr'>habundabant,</span> <span class='ocrx_word' id='word_1_85' title='bbox 769 1597 802 1649; x_wconf 90' lang='lat' dir='ltr'>et</span> <span class='ocrx_word' id='word_1_86' title='bbox 835 1596 946 1649; x_wconf 89' lang='lat' dir='ltr'>tamen</span> <span class='ocrx_word' id='word_1_87' title='bbox 985 1584 1075 1648; x_wconf 93' lang='lat' dir='ltr'>nulla</span> <span class='ocrx_word' id='word_1_88' title='bbox 1111 1585 1209 1667; x_wconf 92' lang='lat' dir='ltr'>culpa</span> <span class='ocrx_word' id='word_1_89' title='bbox 1243 1585 1304 1649; x_wconf 87' lang='lat' dir='ltr'>suit</span> <span class='ocrx_word' id='word_1_90' title='bbox 1342 1589 1373 1649; x_wconf 93' lang='lat' dir='ltr'>in</span> <span class='ocrx_word' id='word_1_91' title='bbox 1404 1588 1461 1651; x_wconf 88' lang='lat' dir='ltr'>illa</span> <span class='ocrx_word' id='word_1_92' title='bbox 1498 1589 1652 1652; x_wconf 90' lang='lat' dir='ltr'>absencia</span> 
     </span>
     <span class='ocr_line' id='line_1_11' title="bbox 301 1705 1651 1790; baseline -0.001 -19"><span class='ocrx_word' id='word_1_93' title='bbox 301 1708 393 1771; x_wconf 91' lang='lat' dir='ltr'>Pauli</span> <span class='ocrx_word' id='word_1_94' title='bbox 420 1709 625 1784; x_wconf 88' lang='lat' dir='ltr'>sanctissimi,</span> <span class='ocrx_word' id='word_1_95' title='bbox 652 1709 730 1789; x_wconf 91' lang='lat' dir='ltr'>quia</span> <span class='ocrx_word' id='word_1_96' title='bbox 757 1728 801 1770; x_wconf 90' lang='lat' dir='ltr'>ex</span> <span class='ocrx_word' id='word_1_97' title='bbox 828 1706 964 1787; x_wconf 90' lang='lat' dir='ltr'>imperio</span> <span class='ocrx_word' id='word_1_98' title='bbox 993 1705 1056 1768; x_wconf 89' lang='lat' dir='ltr'>Dei</span> <span class='ocrx_word' id='word_1_99' title='bbox 1084 1706 1203 1768; x_wconf 89' lang='lat' dir='ltr'>absens</span> <span class='ocrx_word' id='word_1_100' title='bbox 1230 1706 1299 1785; x_wconf 88' lang='lat' dir='ltr'>suit,</span> <span class='ocrx_word' id='word_1_101' title='bbox 1322 1728 1442 1771; x_wconf 90' lang='lat' dir='ltr'>vacans</span> <span class='ocrx_word' id='word_1_102' title='bbox 1471 1729 1557 1772; x_wconf 85' lang='lat' dir='ltr'>curae</span> <span class='ocrx_word' id='word_1_103' title='bbox 1584 1710 1651 1790; x_wconf 92' lang='lat' dir='ltr'>spi-</span> 
     </span>
     <span class='ocr_line' id='line_1_12' title="bbox 300 1827 1651 1906; baseline 0 -14"><span class='ocrx_word' id='word_1_104' title='bbox 300 1829 408 1892; x_wconf 85' lang='lat' dir='ltr'>rituali</span> <span class='ocrx_word' id='word_1_105' title='bbox 442 1831 548 1893; x_wconf 91' lang='lat' dir='ltr'>tocius</span> <span class='ocrx_word' id='word_1_106' title='bbox 579 1828 745 1906; x_wconf 71' lang='lat' dir='ltr'>Ecclesiae,</span> <span class='ocrx_word' id='word_1_107' title='bbox 776 1828 808 1889; x_wconf 88' lang='lat' dir='ltr'>in</span> <span class='ocrx_word' id='word_1_108' title='bbox 846 1827 1005 1890; x_wconf 88' lang='lat' dir='ltr'>instancia</span> <span class='ocrx_word' id='word_1_109' title='bbox 1042 1827 1208 1889; x_wconf 86' lang='lat' dir='ltr'>cotidiana</span> <span class='ocrx_word' id='word_1_110' title='bbox 1245 1829 1394 1891; x_wconf 91' lang='lat' dir='ltr'>omnium</span> <span class='ocrx_word' id='word_1_111' title='bbox 1432 1828 1651 1892; x_wconf 88' lang='lat' dir='ltr'>ecclcsiamm.</span> 
     </span>
     <span class='ocr_line' id='line_1_13' title="bbox 301 1947 1651 2031; baseline 0.001 -19"><span class='ocrx_word' id='word_1_112' title='bbox 301 1948 388 2012; x_wconf 86' lang='lat' dir='ltr'>Item</span> <span class='ocrx_word' id='word_1_113' title='bbox 424 1970 490 2012; x_wconf 92' lang='lat' dir='ltr'>non</span> <span class='ocrx_word' id='word_1_114' title='bbox 523 1950 670 2031; x_wconf 90' lang='lat' dir='ltr'>peccavit</span> <span class='ocrx_word' id='word_1_115' title='bbox 702 1949 734 2010; x_wconf 95' lang='lat' dir='ltr'>in</span> <span class='ocrx_word' id='word_1_116' title='bbox 766 1947 821 2010; x_wconf 92' lang='lat' dir='ltr'>illa</span> <span class='ocrx_word' id='word_1_117' title='bbox 857 1947 1021 2024; x_wconf 88' lang='lat' dir='ltr'>absencia,</span> <span class='ocrx_word' id='word_1_118' title='bbox 1045 1948 1122 2028; x_wconf 88' lang='lat' dir='ltr'>quia</span> <span class='ocrx_word' id='word_1_119' title='bbox 1152 1967 1218 2010; x_wconf 92' lang='lat' dir='ltr'>non</span> <span class='ocrx_word' id='word_1_120' title='bbox 1249 1948 1358 2011; x_wconf 90' lang='lat' dir='ltr'>solum</span> <span class='ocrx_word' id='word_1_121' title='bbox 1388 1949 1450 2012; x_wconf 89' lang='lat' dir='ltr'>suit</span> <span class='ocrx_word' id='word_1_122' title='bbox 1479 1949 1600 2013; x_wconf 91' lang='lat' dir='ltr'>absens</span> <span class='ocrx_word' id='word_1_123' title='bbox 1632 1971 1651 2012; x_wconf 97' lang='lat' dir='ltr'>a</span> 
     </span>
     <span class='ocr_line' id='line_1_14' title="bbox 301 2066 1651 2149; baseline 0.001 -17"><span class='ocrx_word' id='word_1_124' title='bbox 301 2067 452 2134; x_wconf 89' lang='lat' dir='ltr'>Galathis</span> <span class='ocrx_word' id='word_1_125' title='bbox 474 2080 518 2147; x_wconf 92' lang='lat' dir='ltr'>ut,</span> <span class='ocrx_word' id='word_1_126' title='bbox 535 2090 578 2131; x_wconf 91' lang='lat' dir='ltr'>ex</span> <span class='ocrx_word' id='word_1_127' title='bbox 603 2070 760 2132; x_wconf 89' lang='lat' dir='ltr'>mandato</span> <span class='ocrx_word' id='word_1_128' title='bbox 782 2067 926 2142; x_wconf 92' lang='lat' dir='ltr'>Domini,</span> <span class='ocrx_word' id='word_1_129' title='bbox 942 2066 1015 2130; x_wconf 91' lang='lat' dir='ltr'>aliis</span> <span class='ocrx_word' id='word_1_130' title='bbox 1038 2067 1225 2148; x_wconf 83' lang='lat' dir='ltr'>regionibus</span> <span class='ocrx_word' id='word_1_131' title='bbox 1247 2070 1449 2149; x_wconf 71' lang='lat' dir='ltr'>praedicaret,</span> <span class='ocrx_word' id='word_1_132' title='bbox 1469 2071 1527 2133; x_wconf 89' lang='lat' dir='ltr'>sed</span> <span class='ocrx_word' id='word_1_133' title='bbox 1551 2071 1651 2133; x_wconf 90' lang='lat' dir='ltr'>etiam</span> 
     </span>
     <span class='ocr_line' id='line_1_15' title="bbox 300 2186 1651 2271; baseline 0 -19"><span class='ocrx_word' id='word_1_134' title='bbox 300 2190 442 2254; x_wconf 91' lang='lat' dir='ltr'>instituit</span> <span class='ocrx_word' id='word_1_135' title='bbox 468 2191 553 2253; x_wconf 90' lang='lat' dir='ltr'>inter</span> <span class='ocrx_word' id='word_1_136' title='bbox 580 2189 741 2253; x_wconf 88' lang='lat' dir='ltr'>Galathas</span> <span class='ocrx_word' id='word_1_137' title='bbox 771 2197 910 2260; x_wconf 75' lang='lat' dir='ltr'>curatos</span> <span class='ocrx_word' id='word_1_138' title='bbox 939 2187 995 2269; x_wconf 93' lang='lat' dir='ltr'>qui</span> <span class='ocrx_word' id='word_1_139' title='bbox 1026 2207 1111 2250; x_wconf 84' lang='lat' dir='ltr'>curae</span> <span class='ocrx_word' id='word_1_140' title='bbox 1142 2186 1188 2250; x_wconf 93' lang='lat' dir='ltr'>illi</span> <span class='ocrx_word' id='word_1_141' title='bbox 1219 2209 1351 2271; x_wconf 85' lang='lat' dir='ltr'>semper</span> <span class='ocrx_word' id='word_1_142' title='bbox 1380 2190 1588 2254; x_wconf 90' lang='lat' dir='ltr'>intenderent</span> <span class='ocrx_word' id='word_1_143' title='bbox 1618 2191 1651 2253; x_wconf 93' lang='lat' dir='ltr'>in</span> 
     </span>
     <span class='ocr_line' id='line_1_16' title="bbox 300 2307 1652 2392; baseline 0.001 -19"><span class='ocrx_word' id='word_1_144' title='bbox 300 2308 373 2392; x_wconf 89' lang='lat' dir='ltr'>ejus</span> <span class='ocrx_word' id='word_1_145' title='bbox 401 2310 564 2387; x_wconf 89' lang='lat' dir='ltr'>absencia,</span> <span class='ocrx_word' id='word_1_146' title='bbox 594 2310 651 2392; x_wconf 92' lang='lat' dir='ltr'>qui</span> <span class='ocrx_word' id='word_1_147' title='bbox 691 2308 850 2372; x_wconf 90' lang='lat' dir='ltr'>haberent</span> <span class='ocrx_word' id='word_1_148' title='bbox 880 2327 992 2371; x_wconf 91' lang='lat' dir='ltr'>curam</span> <span class='ocrx_word' id='word_1_149' title='bbox 1030 2307 1258 2371; x_wconf 89' lang='lat' dir='ltr'>immediatam</span> <span class='ocrx_word' id='word_1_150' title='bbox 1288 2329 1386 2392; x_wconf 89' lang='lat' dir='ltr'>super</span> <span class='ocrx_word' id='word_1_151' title='bbox 1416 2309 1586 2382; x_wconf 86' lang='lat' dir='ltr'>Galathas,</span> <span class='ocrx_word' id='word_1_152' title='bbox 1617 2320 1652 2375; x_wconf 90' lang='lat' dir='ltr'>et</span> 
     </span>
     <span class='ocr_line' id='line_1_17' title="bbox 301 2428 1653 2512; baseline 0.001 -18"><span class='ocrx_word' id='word_1_153' title='bbox 301 2431 372 2512; x_wconf 90' lang='lat' dir='ltr'>ipse</span> <span class='ocrx_word' id='word_1_154' title='bbox 410 2430 553 2496; x_wconf 89' lang='lat' dir='ltr'>Sanctus</span> <span class='ocrx_word' id='word_1_155' title='bbox 588 2430 716 2506; x_wconf 87' lang='lat' dir='ltr'>Paulus,</span> <span class='ocrx_word' id='word_1_156' title='bbox 755 2439 914 2512; x_wconf 90' lang='lat' dir='ltr'>tanquam</span> <span class='ocrx_word' id='word_1_157' title='bbox 951 2428 1124 2510; x_wconf 92' lang='lat' dir='ltr'>episcopus</span> <span class='ocrx_word' id='word_1_158' title='bbox 1159 2449 1179 2492; x_wconf 91' lang='lat' dir='ltr'>a</span> <span class='ocrx_word' id='word_1_159' title='bbox 1213 2429 1286 2492; x_wconf 92' lang='lat' dir='ltr'>Deo</span> <span class='ocrx_word' id='word_1_160' title='bbox 1324 2431 1502 2509; x_wconf 91' lang='lat' dir='ltr'>institutus,</span> <span class='ocrx_word' id='word_1_161' title='bbox 1535 2431 1653 2496; x_wconf 89' lang='lat' dir='ltr'>habuit</span> 
     </span>
     <span class='ocr_line' id='line_1_18' title="bbox 301 2548 1652 2633; baseline -0.001 -18"><span class='ocrx_word' id='word_1_162' title='bbox 301 2572 413 2616; x_wconf 90' lang='lat' dir='ltr'>curam</span> <span class='ocrx_word' id='word_1_163' title='bbox 447 2551 773 2633; x_wconf 88' lang='lat' dir='ltr'>superintendenciae,</span> <span class='ocrx_word' id='word_1_164' title='bbox 809 2559 968 2631; x_wconf 91' lang='lat' dir='ltr'>tanquam</span> <span class='ocrx_word' id='word_1_165' title='bbox 1002 2548 1112 2631; x_wconf 90' lang='lat' dir='ltr'>aquila</span> <span class='ocrx_word' id='word_1_166' title='bbox 1149 2549 1293 2613; x_wconf 87' lang='lat' dir='ltr'>coelestis</span> <span class='ocrx_word' id='word_1_167' title='bbox 1327 2552 1441 2632; x_wconf 93' lang='lat' dir='ltr'>procul</span> <span class='ocrx_word' id='word_1_168' title='bbox 1478 2553 1652 2616; x_wconf 91' lang='lat' dir='ltr'>attendens</span> 
     </span>
     <span class='ocr_line' id='line_1_19' title="bbox 301 2669 1652 2755; baseline 0 -21"><span class='ocrx_word' id='word_1_169' title='bbox 301 2693 376 2754; x_wconf 90' lang='lat' dir='ltr'>quae</span> <span class='ocrx_word' id='word_1_170' title='bbox 400 2682 477 2736; x_wconf 91' lang='lat' dir='ltr'>sunt</span> <span class='ocrx_word' id='word_1_171' title='bbox 500 2682 534 2735; x_wconf 92' lang='lat' dir='ltr'>et</span> <span class='ocrx_word' id='word_1_172' title='bbox 557 2694 631 2755; x_wconf 87' lang='lat' dir='ltr'>quae</span> <span class='ocrx_word' id='word_1_173' title='bbox 659 2672 868 2734; x_wconf 88' lang='lat' dir='ltr'>imminerent</span> <span class='ocrx_word' id='word_1_174' title='bbox 891 2671 925 2732; x_wconf 94' lang='lat' dir='ltr'>in</span> <span class='ocrx_word' id='word_1_175' title='bbox 946 2669 1100 2733; x_wconf 90' lang='lat' dir='ltr'>omnibus</span> <span class='ocrx_word' id='word_1_176' title='bbox 1123 2669 1276 2748; x_wconf 90' lang='lat' dir='ltr'>ecclesiis,</span> <span class='ocrx_word' id='word_1_177' title='bbox 1299 2681 1336 2735; x_wconf 91' lang='lat' dir='ltr'>ut</span> <span class='ocrx_word' id='word_1_178' title='bbox 1358 2681 1498 2735; x_wconf 88' lang='lat' dir='ltr'>testatur</span> <span class='ocrx_word' id='word_1_179' title='bbox 1519 2682 1652 2736; x_wconf 89' lang='lat' dir='ltr'>sanctus</span> 
     </span>
     <span class='ocr_line' id='line_1_20' title="bbox 301 2790 1652 2875; baseline 0 -20"><span class='ocrx_word' id='word_1_180' title='bbox 301 2793 419 2857; x_wconf 92' lang='lat' dir='ltr'>doctor</span> <span class='ocrx_word' id='word_1_181' title='bbox 442 2793 631 2875; x_wconf 89' lang='lat' dir='ltr'>Jeronimus</span> <span class='ocrx_word' id='word_1_182' title='bbox 655 2794 687 2855; x_wconf 96' lang='lat' dir='ltr'>in</span> <span class='ocrx_word' id='word_1_183' title='bbox 714 2791 968 2855; x_wconf 89' lang='lat' dir='ltr'>Commentariis</span> <span class='ocrx_word' id='word_1_184' title='bbox 994 2790 1061 2853; x_wconf 91' lang='lat' dir='ltr'>suis</span> <span class='ocrx_word' id='word_1_185' title='bbox 1087 2810 1185 2871; x_wconf 92' lang='lat' dir='ltr'>super</span> <span class='ocrx_word' id='word_1_186' title='bbox 1212 2791 1399 2873; x_wconf 86' lang='lat' dir='ltr'>Epistolam</span> <span class='ocrx_word' id='word_1_187' title='bbox 1423 2792 1537 2856; x_wconf 91' lang='lat' dir='ltr'>Sancti</span> <span class='ocrx_word' id='word_1_188' title='bbox 1560 2793 1652 2856; x_wconf 91' lang='lat' dir='ltr'>Pauli</span> 
     </span>
     <span class='ocr_line' id='line_1_21' title="bbox 303 2912 1651 2995; baseline 0.001 -20"><span class='ocrx_word' id='word_1_189' title='bbox 303 2912 459 2995; x_wconf 90' lang='lat' dir='ltr'>Apostoli</span> <span class='ocrx_word' id='word_1_190' title='bbox 481 2914 524 2976; x_wconf 92' lang='lat' dir='ltr'>ad</span> <span class='ocrx_word' id='word_1_191' title='bbox 550 2912 734 2991; x_wconf 82' lang='lat' dir='ltr'>Galathas3</span> <span class='ocrx_word' id='word_1_192' title='bbox 766 2921 799 2976; x_wconf 89' lang='lat' dir='ltr'>et</span> <span class='ocrx_word' id='word_1_193' title='bbox 822 2921 947 2975; x_wconf 85' lang='lat' dir='ltr'>sanctae</span> <span class='ocrx_word' id='word_1_194' title='bbox 974 2912 1140 2974; x_wconf 86' lang='lat' dir='ltr'>memoriae</span> <span class='ocrx_word' id='word_1_195' title='bbox 1166 2912 1294 2976; x_wconf 92' lang='lat' dir='ltr'>Doctor</span> <span class='ocrx_word' id='word_1_196' title='bbox 1317 2912 1485 2977; x_wconf 89' lang='lat' dir='ltr'>Robertus</span> <span class='ocrx_word' id='word_1_197' title='bbox 1508 2912 1651 2988; x_wconf 90' lang='lat' dir='ltr'>Grostet‚</span> 
     </span>
    </p>
   </div>
   <div class='ocr_carea' id='block_1_3' title="bbox 302 3031 1654 3237">
    <p class='ocr_par' dir='ltr' id='par_1_3' title="bbox 302 3031 1654 3237">
     <span class='ocr_line' id='line_1_22' title="bbox 302 3031 1652 3116; baseline 0.001 -21"><span class='ocrx_word' id='word_1_198' title='bbox 302 3031 541 3097; x_wconf 90' lang='lat' dir='ltr'>Lincolniensis</span> <span class='ocrx_word' id='word_1_199' title='bbox 571 3034 754 3115; x_wconf 92' lang='lat' dir='ltr'>episcopus,</span> <span class='ocrx_word' id='word_1_200' title='bbox 778 3033 812 3096; x_wconf 93' lang='lat' dir='ltr'>in</span> <span class='ocrx_word' id='word_1_201' title='bbox 843 3031 1056 3114; x_wconf 77' lang='lat' dir='ltr'>expositione</span> <span class='ocrx_word' id='word_1_202' title='bbox 1085 3051 1145 3094; x_wconf 87' lang='lat' dir='ltr'>sua</span> <span class='ocrx_word' id='word_1_203' title='bbox 1174 3034 1306 3114; x_wconf 91' lang='lat' dir='ltr'>propria</span> <span class='ocrx_word' id='word_1_204' title='bbox 1337 3054 1436 3116; x_wconf 88' lang='lat' dir='ltr'>super</span> <span class='ocrx_word' id='word_1_205' title='bbox 1466 3034 1652 3116; x_wconf 89' lang='lat' dir='ltr'>Epistolam</span> 
     </span>
     <span class='ocr_line' id='line_1_23' title="bbox 303 3134 1654 3237; baseline 0.001 -20"><span class='ocrx_word' id='word_1_206' title='bbox 303 3152 418 3217; x_wconf 87' lang='lat' dir='ltr'>Sancti</span> <span class='ocrx_word' id='word_1_207' title='bbox 445 3153 537 3217; x_wconf 90' lang='lat' dir='ltr'>Pauli</span> <span class='ocrx_word' id='word_1_208' title='bbox 564 3155 607 3217; x_wconf 93' lang='lat' dir='ltr'>ad</span> <span class='ocrx_word' id='word_1_209' title='bbox 636 3152 806 3218; x_wconf 87' lang='lat' dir='ltr'>Galathas.</span> <span class='ocrx_word' id='word_1_210' title='bbox 849 3151 961 3234; x_wconf 90' lang='lat' dir='ltr'>Vigila</span> <span class='ocrx_word' id='word_1_211' title='bbox 988 3172 1065 3233; x_wconf 91' lang='lat' dir='ltr'>erga</span> <span class='ocrx_word' id='word_1_212' title='bbox 1091 3173 1189 3234; x_wconf 89' lang='lat' dir='ltr'>super</span> <span class='ocrx_word' id='word_1_213' title='bbox 1218 3174 1330 3218; x_wconf 88' lang='lat' dir='ltr'>curam</span> <span class='ocrx_word' id='word_1_214' title='bbox 1360 3155 1553 3233; x_wconf 88' lang='lat' dir='ltr'>animarum,</span> <span class='ocrx_word' id='word_1_215' title='bbox 1576 3134 1654 3237; x_wconf 63' lang='lat' dir='ltr'>huia</span> 
     </span>
    </p>
   </div>
   <div class='ocr_carea' id='block_1_4' title="bbox 301 3273 1656 4325">
    <p class='ocr_par' dir='ltr' id='par_1_4' title="bbox 301 3273 1656 4325">
     <span class='ocr_line' id='line_1_24' title="bbox 301 3273 1653 3358; baseline 0.001 -20"><span class='ocrx_word' id='word_1_216' title='bbox 301 3273 411 3355; x_wconf 90' lang='lat' dir='ltr'>angeli</span> <span class='ocrx_word' id='word_1_217' title='bbox 435 3274 499 3337; x_wconf 93' lang='lat' dir='ltr'>Dei</span> <span class='ocrx_word' id='word_1_218' title='bbox 524 3274 585 3337; x_wconf 91' lang='lat' dir='ltr'>Xti</span> <span class='ocrx_word' id='word_1_219' title='bbox 614 3274 774 3338; x_wconf 86' lang='lat' dir='ltr'>incarnati</span> <span class='ocrx_word' id='word_1_220' title='bbox 804 3274 962 3355; x_wconf 91' lang='lat' dir='ltr'>mysteria</span> <span class='ocrx_word' id='word_1_221' title='bbox 991 3273 1272 3338; x_wconf 89' lang='lat' dir='ltr'>annunciaverunt</span> <span class='ocrx_word' id='word_1_222' title='bbox 1300 3276 1487 3357; x_wconf 90' lang='lat' dir='ltr'>pastoribus</span> <span class='ocrx_word' id='word_1_223' title='bbox 1516 3276 1653 3358; x_wconf 84' lang='lat' dir='ltr'>vigilan·</span> 
     </span>
     <span class='ocr_line' id='line_1_25' title="bbox 302 3392 1655 3479; baseline 0.002 -20"><span class='ocrx_word' id='word_1_224' title='bbox 302 3395 391 3459; x_wconf 87' lang='lat' dir='ltr'>tibus</span> <span class='ocrx_word' id='word_1_225' title='bbox 418 3415 516 3476; x_wconf 91' lang='lat' dir='ltr'>super</span> <span class='ocrx_word' id='word_1_226' title='bbox 541 3415 676 3478; x_wconf 85' lang='lat' dir='ltr'>gregem</span> <span class='ocrx_word' id='word_1_227' title='bbox 699 3415 805 3470; x_wconf 89' lang='lat' dir='ltr'>suum,</span> <span class='ocrx_word' id='word_1_228' title='bbox 829 3394 930 3457; x_wconf 83' lang='lat' dir='ltr'>Lucae</span> <span class='ocrx_word' id='word_1_229' title='bbox 953 3392 1013 3474; x_wconf 90' lang='lat' dir='ltr'>ij⁰;</span> <span class='ocrx_word' id='word_1_230' title='bbox 1044 3413 1110 3456; x_wconf 91' lang='lat' dir='ltr'>non</span> <span class='ocrx_word' id='word_1_231' title='bbox 1132 3393 1239 3457; x_wconf 92' lang='lat' dir='ltr'>solum</span> <span class='ocrx_word' id='word_1_232' title='bbox 1260 3394 1443 3476; x_wconf 90' lang='lat' dir='ltr'>vigilabant</span> <span class='ocrx_word' id='word_1_233' title='bbox 1470 3416 1530 3477; x_wconf 90' lang='lat' dir='ltr'>pro</span> <span class='ocrx_word' id='word_1_234' title='bbox 1554 3416 1655 3479; x_wconf 91' lang='lat' dir='ltr'>grege</span> 
     </span>
     <span class='ocr_line' id='line_1_26' title="bbox 302 3515 1652 3599; baseline 0.001 -21"><span class='ocrx_word' id='word_1_235' title='bbox 302 3517 362 3579; x_wconf 90' lang='lat' dir='ltr'>sed</span> <span class='ocrx_word' id='word_1_236' title='bbox 386 3536 486 3598; x_wconf 89' lang='lat' dir='ltr'>super</span> <span class='ocrx_word' id='word_1_237' title='bbox 508 3535 644 3598; x_wconf 88' lang='lat' dir='ltr'>gregem</span> <span class='ocrx_word' id='word_1_238' title='bbox 666 3534 763 3579; x_wconf 86' lang='lat' dir='ltr'>suum</span> <span class='ocrx_word' id='word_1_239' title='bbox 787 3523 965 3597; x_wconf 87' lang='lat' dir='ltr'>praesentes</span> <span class='ocrx_word' id='word_1_240' title='bbox 991 3534 1068 3577; x_wconf 93' lang='lat' dir='ltr'>cum</span> <span class='ocrx_word' id='word_1_241' title='bbox 1091 3534 1201 3597; x_wconf 88' lang='lat' dir='ltr'>grege.</span> <span class='ocrx_word' id='word_1_242' title='bbox 1247 3515 1386 3580; x_wconf 89' lang='lat' dir='ltr'>Custodi</span> <span class='ocrx_word' id='word_1_243' title='bbox 1418 3538 1496 3599; x_wconf 87' lang='lat' dir='ltr'>ergo</span> <span class='ocrx_word' id='word_1_244' title='bbox 1521 3518 1652 3582; x_wconf 87' lang='lat' dir='ltr'>vineam</span> 
     </span>
     <span class='ocr_line' id='line_1_27' title="bbox 302 3634 1653 3719; baseline 0.001 -18"><span class='ocrx_word' id='word_1_245' title='bbox 302 3647 404 3715; x_wconf 92' lang='lat' dir='ltr'>tuam,</span> <span class='ocrx_word' id='word_1_246' title='bbox 432 3636 510 3718; x_wconf 87' lang='lat' dir='ltr'>quia</span> <span class='ocrx_word' id='word_1_247' title='bbox 536 3636 643 3719; x_wconf 93' lang='lat' dir='ltr'>qualis</span> <span class='ocrx_word' id='word_1_248' title='bbox 669 3645 720 3700; x_wconf 88' lang='lat' dir='ltr'>est</span> <span class='ocrx_word' id='word_1_249' title='bbox 746 3646 853 3700; x_wconf 90' lang='lat' dir='ltr'>rector</span> <span class='ocrx_word' id='word_1_250' title='bbox 878 3635 911 3698; x_wconf 92' lang='lat' dir='ltr'>in</span> <span class='ocrx_word' id='word_1_251' title='bbox 938 3635 1062 3700; x_wconf 90' lang='lat' dir='ltr'>civitati</span> <span class='ocrx_word' id='word_1_252' title='bbox 1092 3634 1168 3699; x_wconf 89' lang='lat' dir='ltr'>talis</span> <span class='ocrx_word' id='word_1_253' title='bbox 1197 3647 1247 3701; x_wconf 88' lang='lat' dir='ltr'>est</span> <span class='ocrx_word' id='word_1_254' title='bbox 1273 3637 1399 3701; x_wconf 90' lang='lat' dir='ltr'>civitas.</span> <span class='ocrx_word' id='word_1_255' title='bbox 1444 3637 1511 3702; x_wconf 94' lang='lat' dir='ltr'>Sed</span> <span class='ocrx_word' id='word_1_256' title='bbox 1542 3641 1653 3703; x_wconf 87' lang='lat' dir='ltr'>audivi</span> 
     </span>
     <span class='ocr_line' id='line_1_28' title="bbox 302 3756 1654 3840; baseline 0.002 -19"><span class='ocrx_word' id='word_1_257' title='bbox 302 3757 430 3840; x_wconf 90' lang='lat' dir='ltr'>aliquos</span> <span class='ocrx_word' id='word_1_258' title='bbox 460 3757 607 3821; x_wconf 88' lang='lat' dir='ltr'>dicentes</span> <span class='ocrx_word' id='word_1_259' title='bbox 638 3759 671 3821; x_wconf 92' lang='lat' dir='ltr'>in</span> <span class='ocrx_word' id='word_1_260' title='bbox 701 3758 953 3821; x_wconf 90' lang='lat' dir='ltr'>excusacionem</span> <span class='ocrx_word' id='word_1_261' title='bbox 984 3756 1034 3820; x_wconf 92' lang='lat' dir='ltr'>sui</span> <span class='ocrx_word' id='word_1_262' title='bbox 1064 3759 1201 3840; x_wconf 89' lang='lat' dir='ltr'>peccati,</span> <span class='ocrx_word' id='word_1_263' title='bbox 1230 3768 1267 3821; x_wconf 91' lang='lat' dir='ltr'>ut</span> <span class='ocrx_word' id='word_1_264' title='bbox 1296 3768 1470 3840; x_wconf 90' lang='lat' dir='ltr'>peccatum</span> <span class='ocrx_word' id='word_1_265' title='bbox 1500 3781 1569 3823; x_wconf 87' lang='lat' dir='ltr'>suae</span> <span class='ocrx_word' id='word_1_266' title='bbox 1596 3761 1654 3824; x_wconf 92' lang='lat' dir='ltr'>ab·</span> 
     </span>
     <span class='ocr_line' id='line_1_29' title="bbox 303 3878 1655 3962; baseline 0.003 -21"><span class='ocrx_word' id='word_1_267' title='bbox 303 3879 423 3942; x_wconf 85' lang='lat' dir='ltr'>senciae</span> <span class='ocrx_word' id='word_1_268' title='bbox 455 3898 476 3941; x_wconf 90' lang='lat' dir='ltr'>a</span> <span class='ocrx_word' id='word_1_269' title='bbox 506 3899 584 3942; x_wconf 87' lang='lat' dir='ltr'>cura</span> <span class='ocrx_word' id='word_1_270' title='bbox 614 3898 679 3941; x_wconf 92' lang='lat' dir='ltr'>non</span> <span class='ocrx_word' id='word_1_271' title='bbox 712 3888 871 3960; x_wconf 90' lang='lat' dir='ltr'>appareat</span> <span class='ocrx_word' id='word_1_272' title='bbox 904 3888 1088 3960; x_wconf 88' lang='lat' dir='ltr'>peccatum.</span> <span class='ocrx_word' id='word_1_273' title='bbox 1145 3878 1266 3943; x_wconf 91' lang='lat' dir='ltr'>Melius</span> <span class='ocrx_word' id='word_1_274' title='bbox 1301 3889 1360 3958; x_wconf 93' lang='lat' dir='ltr'>est,</span> <span class='ocrx_word' id='word_1_275' title='bbox 1391 3880 1551 3962; x_wconf 90' lang='lat' dir='ltr'>inquiunt,</span> <span class='ocrx_word' id='word_1_276' title='bbox 1582 3903 1655 3945; x_wconf 92' lang='lat' dir='ltr'>raro</span> 
     </span>
     <span class='ocr_line' id='line_1_30' title="bbox 303 3999 1656 4082; baseline 0.004 -21"><span class='ocrx_word' id='word_1_277' title='bbox 303 3999 436 4062; x_wconf 91' lang='lat' dir='ltr'>visitare</span> <span class='ocrx_word' id='word_1_278' title='bbox 461 4019 595 4081; x_wconf 89' lang='lat' dir='ltr'>gregem</span> <span class='ocrx_word' id='word_1_279' title='bbox 626 4019 727 4081; x_wconf 92' lang='lat' dir='ltr'>quam</span> <span class='ocrx_word' id='word_1_280' title='bbox 754 4019 828 4062; x_wconf 91' lang='lat' dir='ltr'>cum</span> <span class='ocrx_word' id='word_1_281' title='bbox 858 4020 958 4082; x_wconf 87' lang='lat' dir='ltr'>grege</span> <span class='ocrx_word' id='word_1_282' title='bbox 982 4000 1137 4063; x_wconf 90' lang='lat' dir='ltr'>continue</span> <span class='ocrx_word' id='word_1_283' title='bbox 1166 4001 1315 4079; x_wconf 91' lang='lat' dir='ltr'>residere,</span> <span class='ocrx_word' id='word_1_284' title='bbox 1340 4002 1418 4082; x_wconf 91' lang='lat' dir='ltr'>quia</span> <span class='ocrx_word' id='word_1_285' title='bbox 1445 4001 1471 4064; x_wconf 91' lang='lat' dir='ltr'>si</span> <span class='ocrx_word' id='word_1_286' title='bbox 1500 4003 1656 4067; x_wconf 88' lang='lat' dir='ltr'>continue</span> 
     </span>
     <span class='ocr_line' id='line_1_31' title="bbox 304 4120 1654 4204; baseline 0.004 -22"><span class='ocrx_word' id='word_1_287' title='bbox 304 4120 349 4183; x_wconf 91' lang='lat' dir='ltr'>ibi</span> <span class='ocrx_word' id='word_1_288' title='bbox 371 4121 515 4184; x_wconf 89' lang='lat' dir='ltr'>resident</span> <span class='ocrx_word' id='word_1_289' title='bbox 535 4129 614 4184; x_wconf 91' lang='lat' dir='ltr'>tunc</span> <span class='ocrx_word' id='word_1_290' title='bbox 636 4120 739 4183; x_wconf 87' lang='lat' dir='ltr'>nimia</span> <span class='ocrx_word' id='word_1_291' title='bbox 758 4120 964 4184; x_wconf 82' lang='lat' dir='ltr'>familiaritas</span> <span class='ocrx_word' id='word_1_292' title='bbox 982 4142 1057 4186; x_wconf 91' lang='lat' dir='ltr'>cum</span> <span class='ocrx_word' id='word_1_293' title='bbox 1076 4132 1190 4185; x_wconf 86' lang='lat' dir='ltr'>curato</span> <span class='ocrx_word' id='word_1_294' title='bbox 1213 4123 1298 4203; x_wconf 88' lang='lat' dir='ltr'>parit</span> <span class='ocrx_word' id='word_1_295' title='bbox 1320 4131 1557 4204; x_wconf 88' lang='lat' dir='ltr'>contemptum,</span> <span class='ocrx_word' id='word_1_296' title='bbox 1573 4134 1606 4188; x_wconf 90' lang='lat' dir='ltr'>et</span> <span class='ocrx_word' id='word_1_297' title='bbox 1627 4125 1654 4188; x_wconf 94' lang='lat' dir='ltr'>si</span> 
     </span>
     <span class='ocr_line' id='line_1_32' title="bbox 304 4239 1655 4325; baseline 0.004 -22"><span class='ocrx_word' id='word_1_298' title='bbox 304 4259 376 4303; x_wconf 93' lang='lat' dir='ltr'>raro</span> <span class='ocrx_word' id='word_1_299' title='bbox 406 4240 438 4302; x_wconf 94' lang='lat' dir='ltr'>in</span> <span class='ocrx_word' id='word_1_300' title='bbox 473 4260 550 4304; x_wconf 91' lang='lat' dir='ltr'>cura</span> <span class='ocrx_word' id='word_1_301' title='bbox 582 4239 689 4316; x_wconf 84' lang='lat' dir='ltr'>luerit,</span> <span class='ocrx_word' id='word_1_302' title='bbox 719 4251 798 4305; x_wconf 88' lang='lat' dir='ltr'>tunc</span> <span class='ocrx_word' id='word_1_303' title='bbox 829 4240 926 4305; x_wconf 92' lang='lat' dir='ltr'>velud</span> <span class='ocrx_word' id='word_1_304' title='bbox 957 4253 1136 4307; x_wconf 89' lang='lat' dir='ltr'>extraneus</span> <span class='ocrx_word' id='word_1_305' title='bbox 1169 4243 1273 4325; x_wconf 88' lang='lat' dir='ltr'>magis</span> <span class='ocrx_word' id='word_1_306' title='bbox 1303 4241 1526 4322; x_wconf 90' lang='lat' dir='ltr'>honorabitur,</span> <span class='ocrx_word' id='word_1_307' title='bbox 1556 4255 1590 4309; x_wconf 92' lang='lat' dir='ltr'>et</span> <span class='ocrx_word' id='word_1_308' title='bbox 1622 4245 1655 4308; x_wconf 93' lang='lat' dir='ltr'>in</span> 
     </span>
    </p>
   </div>
   <div class='ocr_carea' id='block_1_5' title="bbox 0 0 1920 4904">
    <p class='ocr_par' dir='ltr' id='par_1_5' title="bbox 0 0 1920 4904">
     <span class='ocr_line' id='line_1_33' title="bbox 0 0 1920 4904; baseline 0 0"><span class='ocrx_word' id='word_1_309' title='bbox 0 0 1920 4904; x_wconf 95' lang='lat' dir='ltr'> </span> 
     </span>
    </p>
   </div>
  </div>
 </body>
</html>
