3818 4904
294 416 337 484 54
673 413 772 467 LOCI
797 412 827 465 E
855 412 979 465 LIBRO
1016 412 1273 468 VERITATUM.

294 638 440 710 acceptae
470 648 530 691 nec
560 637 700 710 receptae
727 629 770 691 ab
800 628 998 707 hominibus,
1028 628 1105 710 quia
1135 630 1318 693 necessario
1349 631 1505 713 requisita
1534 652 1645 696 coram

294 748 368 812 Deo
390 747 556 823 deficiunt,
579 769 624 812 sc.
646 749 763 811 merita
785 769 935 831 personae
958 767 1069 812 coram
1092 749 1167 812 Deo
1190 750 1356 831 requisita.

380 867 568 950 Septimum
602 867 725 931 flumen
759 877 817 946 est,
851 869 972 932 abusus
1003 868 1262 950 dispensacionis
1293 869 1347 934 vel
1380 869 1525 935 licenciae
1558 872 1647 935 datae

293 988 335 1052 ab
361 988 495 1052 homine
526 997 559 1052 et
590 1008 655 1051 non
686 998 773 1052 recte
804 989 934 1052 usitatae
964 990 1008 1052 ad
1038 988 1165 1053 lucrum
1196 991 1380 1053 animarum
1412 1011 1471 1055 nec
1505 993 1548 1055 ad
1576 993 1648 1055 ani·

295 1128 423 1171 marum
446 1107 597 1171 salutem.

380 1229 488 1310 Josias
507 1249 566 1291 rex
581 1229 764 1310 Jerusalem
788 1228 903 1307 doluit,
918 1228 1017 1306 flevit,
1037 1238 1071 1292 et
1095 1231 1293 1293 vestimenta
1313 1250 1372 1293 sua
1394 1231 1502 1308 scidit,
1525 1232 1648 1297 auditis

294 1349 402 1413 verbis
425 1349 498 1426 Dei,
518 1370 558 1412 eo
580 1350 669 1431 quod
692 1368 792 1433 opera
814 1349 928 1432 populi
950 1350 999 1412 sui
1020 1348 1152 1412 suerunt
1174 1351 1338 1413 contraria
1357 1351 1465 1414 verbis
1487 1352 1563 1429 Dei,
1587 1352 1650 1436 iiij⁰

295 1470 426 1553 Regum
459 1477 524 1535 22⁰.
581 1471 637 1536 Sic
667 1493 728 1535 nos
757 1471 938 1548 doleamus,
963 1491 1103 1546 oremus,
1128 1480 1162 1534 et
1191 1470 1409 1552 praedicemus
1441 1483 1555 1537 contra
1584 1475 1650 1538 ista

294 1601 424 1675 septem
439 1591 576 1655 flumina
591 1592 768 1671 Babilonis,
784 1613 860 1674 quae
881 1601 958 1655 sunt
980 1612 1087 1656 causae
1103 1612 1205 1673 quare
1220 1592 1357 1655 verbum
1374 1593 1439 1657 Dei
1462 1614 1482 1657 a
1501 1594 1649 1676 pluribus

295 1734 362 1778 non
386 1713 603 1796 cognoscitur,
629 1733 690 1776 nec
719 1722 876 1777 servatur.
935 1713 975 1776 In
1005 1713 1112 1795 prima
1142 1714 1280 1776 materia
1312 1714 1483 1778 sciendum
1509 1726 1568 1795 est,
1590 1738 1650 1800 per

294 1835 439 1919 graciam
456 1834 530 1911 Dei,
545 1834 634 1915 quod
652 1834 823 1911 Dominus,
840 1832 1050 1897 considerans
1065 1842 1192 1915 quanta
1210 1833 1299 1896 dona
1313 1833 1391 1897 fidei
1413 1844 1447 1898 et
1468 1836 1651 1918 agnicionis

296 1967 330 2021 et
345 1957 438 2036 signa
453 1956 573 2018 amoris
590 1955 736 2019 dedisset
751 1953 976 2036 apostolorum
993 1954 1140 2038 principi,
1152 1954 1252 2018 Petro
1267 1953 1376 2033 beat0,
1388 1954 1476 2020 dixit
1489 1956 1651 2038 Johannis

295 2075 422 2149 ultim0,
440 2074 575 2138 ‘Simon
591 2073 760 2155 Johannis,
776 2075 802 2137 si
825 2074 935 2157 diligis
951 2095 1012 2152 me,
1028 2095 1127 2157 pasce
1142 2095 1220 2138 oves
1237 2072 1347 2140 meas’
1383 2077 1460 2141 Hoc
1482 2076 1651 2160 ‘pascere’

295 2207 347 2262 ter
375 2196 544 2279 replicans,
574 2197 652 2277 quia
681 2196 796 2259 intime
825 2195 888 2260 hoc
915 2196 1039 2260 volens.
1096 2196 1263 2259 Dominus
1286 2199 1375 2260 enim
1404 2199 1495 2262 novit
1526 2209 1651 2282 quanta

294 2318 384 2382 bona
398 2317 482 2382 fiunt
500 2336 560 2399 per
582 2317 706 2380 bonum
731 2325 891 2380 rectorem
911 2319 944 2380 in
963 2316 1146 2399 popu10,et
1168 2327 1295 2399 quanta
1318 2318 1406 2382 mala
1428 2320 1641 2384 destruuntur

295 2438 452 2520 exemplo
476 2436 562 2501 unici
586 2437 720 2501 rectoris
742 2437 775 2500 in
799 2436 934 2519 Egipt0,
953 2436 1089 2521 Joseph‚
1112 2437 1168 2519 qui
1194 2446 1247 2502 tot
1272 2446 1306 2501 et
1335 2446 1430 2503 tanta
1457 2438 1545 2503 bona
1574 2440 1652 2506 fecit

297 2570 330 2625 et
345 2570 440 2626 tanta
456 2558 544 2623 mala
559 2559 734 2638 destruxit,
751 2568 784 2622 et
801 2559 973 2641 impedivit
990 2579 1031 2622 ne
1046 2559 1162 2622 fierent
1181 2559 1362 2641 prudencia
1384 2569 1417 2623 et
1440 2560 1513 2625 zelo
1529 2561 1600 2645 ejus
1617 2573 1651 2627 et

296 2683 418 2761 labore,
437 2691 473 2744 ut
488 2690 581 2768 patet
600 2681 739 2763 sparsim
756 2681 789 2743 in
808 2679 930 2745 Genisi.
974 2681 1077 2746 Unde
1091 2681 1134 2744 de
1149 2681 1238 2745 bono
1253 2690 1379 2745 rectore
1395 2682 1521 2746 dictum
1535 2683 1652 2748 Eccle-

296 2805 428 2879 siastici,
451 2803 509 2865 ‘In
526 2802 643 2867 diebus
659 2803 729 2884 ejus
748 2802 835 2867 sacta
855 2811 906 2866 est
929 2800 1174 2880 reconciliaci0‚’
1198 2802 1217 2864 i.
1228 2824 1257 2867 e.
1282 2802 1445 2866 malorum
1468 2805 1653 2869 destruccio

297 2937 331 2991 et
361 2926 522 2989 bonorum
547 2925 708 2989 induccio.
766 2924 796 2989 O
827 2934 909 3007 quot
936 2923 1024 2989 mala
1050 2924 1217 2988 destruxit
1241 2924 1349 2988 bonus
1372 2934 1486 3006 pastor
1512 2935 1546 2991 et
1571 2934 1653 3009 quot

297 3049 385 3112 bona
408 3048 559 3111 induxit!
591 3067 669 3111 nam
694 3047 811 3112 Petrus
838 3068 904 3111 una
928 3048 982 3110 die
1008 3047 1071 3110 tria
1096 3044 1193 3124 milia,
1215 3043 1281 3109 alia
1308 3045 1363 3109 die
1381 3030 1527 3128 quinque
1553 3047 1652 3125 milia,

296 3169 340 3234 ad
352 3169 460 3233 Xtum
476 3171 645 3248 convertit,
657 3170 746 3233 unde
761 3169 832 3251 ipse
847 3168 1005 3251 pascebat
1021 3176 1109 3232 recte
1124 3187 1223 3245 oves;
1245 3175 1279 3230 et
1293 3167 1519 3230 sanctissimus
1531 3168 1653 3232 Paulus

297 3291 457 3355 convertit
480 3300 514 3355 et
536 3291 694 3373 pascebat
715 3291 817 3355 verbo
841 3290 903 3354 Dei
926 3289 1043 3373 plagas
1065 3289 1163 3367 orbis,
1186 3308 1231 3352 sc.
1256 3288 1290 3351 in
1313 3289 1449 3366 oriente,
1470 3290 1651 3368 occidente,

297 3420 418 3490 austro,
434 3421 468 3475 et
483 3410 594 3489 boria3
618 3422 652 3476 et
674 3413 720 3477 sic
743 3411 906 3476 laboravit
929 3432 988 3494 pro
1004 3411 1075 3474 Xto
1096 3410 1233 3492 triginta
1247 3420 1324 3474 octo
1339 3413 1442 3489 annis,
1458 3420 1496 3476 ut
1512 3419 1654 3476 testatur

299 3533 443 3598 Sanctus
472 3533 566 3598 Beda
595 3554 696 3619 super
723 3534 833 3598 Actus
859 3532 1112 3617 Apostolorum.
1169 3532 1278 3596 Pascit
1308 3533 1396 3596 enim
1426 3551 1571 3615 gregem,
1596 3531 1652 3615 qui

297 3656 418 3721 devote
440 3664 513 3720 orat
536 3676 595 3738 pro
617 3675 729 3740 grege.
775 3655 871 3733 Item,
887 3656 943 3737 qui
966 3655 1092 3737 patitur
1114 3663 1148 3718 et
1171 3654 1310 3717 moritur
1331 3674 1390 3736 pro
1408 3654 1491 3717 Deo.
1536 3652 1654 3718 Petrus

298 3777 457 3860 pascebat
472 3798 550 3842 oves
566 3778 702 3842 Domini
721 3779 753 3841 in
768 3778 870 3842 verbo
885 3786 1010 3841 sanctae
1026 3774 1281 3860 praedicacionis‚
1297 3775 1330 3838 in
1346 3784 1462 3839 sancta
1478 3781 1513 3838 et
1532 3774 1654 3838 devota

299 3900 460 3978 oracione,
476 3900 509 3962 in
524 3902 601 3964 vitae
617 3909 715 3965 rectae
731 3910 765 3964 et
777 3899 876 3982 justae
891 3899 1091 3974 ostensione,
1104 3895 1297 3979 exemplum
1313 3896 1465 3978 praebens
1480 3895 1553 3959 aliis
1567 3896 1653 3960 bene

298 4021 439 4099 vivendi,
464 4020 497 4084 in
523 4031 801 4086 sacramentorum
829 4029 919 4086 recta
942 4019 1240 4083 administracione.
1294 4017 1415 4082 ‘Pasce
1439 4038 1517 4082 oves
1544 4013 1655 4097 meas,’

300 4141 380 4205 dicit
396 4142 567 4221 Dominus,
583 4143 602 4208 i.
614 4165 642 4208 e.
659 4164 725 4207 non
745 4152 778 4207 te
794 4164 929 4226 pascere
946 4143 1056 4225 cogita
1078 4161 1139 4223 pro
1162 4150 1204 4218 te,
1221 4140 1279 4204 sed
1295 4160 1375 4204 oves
1393 4159 1502 4222 pasce,
1520 4148 1553 4203 et
1569 4139 1654 4202 sicut

302 4282 393 4327 meas
408 4285 486 4328 oves
504 4285 611 4347 pasce,
629 4273 662 4330 et
686 4286 750 4330 non
773 4267 857 4330 sieut
880 4274 963 4342 tuas,
979 4264 998 4329 i.
1010 4287 1037 4328 e.
1053 4283 1163 4346 quaere
1187 4263 1219 4324 in
1242 4261 1289 4325 eis
1313 4282 1421 4326 meam
1437 4261 1654 4338 voluntatem,
