3818 4904
294 405 335 467 68
669 414 767 470 LOCI
793 414 822 466 E
851 413 974 467 LIBRO
1010 412 1266 468 VERJTATUM.

292 638 366 692 rate
393 649 457 706 eos,
484 639 520 692 ut
548 649 631 691 unus
657 629 805 709 proficiat
832 628 864 690 in
892 647 956 689 una
983 625 1128 692 ecclesia.
1156 635 1189 689 et
1216 624 1298 687 alius
1325 625 1495 707 apostolus
1522 625 1553 688 in
1581 625 1646 689 alia

295 749 431 813 ecclesia
452 749 609 832 proficiat,
624 749 768 812 diversas
789 757 822 811 et
841 746 949 829 plures
970 747 1096 808 animas
1118 744 1193 807 Deo
1212 745 1389 826 adquirens
1409 747 1511 810 verbo
1531 757 1647 810 sancto

296 877 329 932 et
352 870 517 951 exemplo,
540 870 617 951 quia
640 869 756 931 melius
780 877 813 930 et
836 866 1013 949 perfeccius
1036 875 1174 947 possunt
1197 864 1355 946 proficere
1377 867 1479 929 verbo
1501 875 1535 929 et
1557 866 1648 929 facto

295 1009 355 1052 suo
371 990 437 1053 duo
456 989 534 1052 boni
556 999 699 1052 rectores
721 989 754 1050 in
773 988 901 1050 duabus
922 986 1066 1049 ecclesiis
1087 1005 1187 1066 quam
1209 1006 1292 1048 unus
1315 985 1390 1048 talis
1411 987 1518 1050 bonus
1541 997 1648 1050 rector

296 1110 330 1172 in
353 1110 481 1174 duabus
505 1109 657 1185 ecclesiis
681 1108 757 1189 quia
780 1128 863 1170 onus
889 1107 1006 1169 melius
1025 1106 1072 1168 sic
1097 1103 1270 1188 perficitur,
1291 1107 1378 1168 unde
1402 1117 1534 1171 sanctus
1559 1128 1649 1190 papa

296 1237 330 1292 et
357 1230 473 1292 doctor
504 1229 682 1310 Gregorius
709 1227 872 1291 ordinavit
899 1227 987 1307 quod
1019 1246 1104 1287 unus
1134 1226 1344 1306 episcopatus
1374 1247 1493 1308 parvus
1523 1228 1649 1291 divide·

296 1358 386 1412 retur
412 1350 444 1411 in
467 1351 551 1413 duos
577 1350 795 1431 episcopatus
820 1348 866 1409 ita
888 1347 978 1428 quod
1005 1347 1073 1409 duo
1095 1355 1204 1408 essent
1227 1347 1371 1428 episcopi
1395 1347 1427 1409 in
1452 1358 1649 1429 perpetuum

297 1469 352 1532 ubi
374 1469 464 1552 prius
490 1469 551 1533 suit
577 1490 662 1532 unus
685 1468 867 1550 episcopus,
891 1467 1007 1529 Petrus
1032 1466 1183 1529 nomine:
1215 1477 1248 1530 et
1272 1467 1445 1551 episcopus
1468 1467 1554 1531 illius
1577 1468 1649 1546 loci,

296 1609 342 1654 sc.
374 1587 526 1666 Corsicae,
554 1588 695 1652 multum
726 1589 759 1649 in
789 1588 853 1650 hoc
880 1586 1011 1668 gavisus
1042 1585 1112 1662 fuit,
1141 1588 1230 1668 quod
1264 1589 1310 1650 sic
1340 1589 1550 1671 episcopatus
1580 1589 1651 1670 ejus

295 1711 421 1774 divisus
435 1709 498 1773 fuit
518 1710 551 1771 in
568 1710 661 1786 duos,
677 1710 754 1790 quia
775 1708 822 1771 sic
843 1706 959 1769 melius
978 1715 1011 1770 et
1033 1706 1211 1788 perfeccius
1230 1729 1314 1771 onus
1329 1710 1471 1772 divisum
1490 1711 1523 1773 in
1539 1710 1651 1792 plures

298 1830 519 1913 perficeretur,
541 1838 575 1892 et
606 1829 652 1892 sic
682 1827 804 1891 limites
831 1827 970 1890 diocesis
996 1848 1065 1889 suae
1092 1827 1222 1890 suerunt
1249 1829 1310 1892 sibi
1336 1830 1516 1908 viciniores,
1543 1840 1577 1895 et
1603 1833 1651 1895 sic

299 1950 416 2014 melius
436 1951 545 2032 potuit
566 1947 721 2031 perficere
737 1957 771 2011 et
787 1947 923 2029 implere
939 1947 1087 2010 debitum
1104 1948 1246 2011 officium
1267 1950 1448 2027 animabus,
1465 1971 1506 2014 ne
1527 1951 1652 2014 diceret

299 2070 328 2134 ei
353 2070 518 2133 Dominus
544 2069 624 2132 illud
651 2068 740 2151 quod
764 2067 851 2130 dixit
874 2067 907 2129 in
930 2066 1123 2150 Apocalipsi
1143 2069 1192 2150 iij⁰
1217 2070 1370 2152 capitulo,
1399 2072 1494 2135 ‘Non
1522 2073 1653 2135 invenio

299 2211 400 2273 opera
420 2201 478 2254 tua
494 2189 592 2272 plena
610 2208 721 2252 coram
743 2185 815 2261 me‚’
832 2188 852 2250 i.
863 2208 890 2251 e.
912 2188 1109 2251 sufficiencia
1131 2200 1165 2252 et
1186 2191 1340 2271 requisita
1361 2191 1540 2270 habencia;
1564 2194 1653 2256 unde

299 2311 346 2374 sic
368 2310 478 2373 divisit
501 2319 635 2372 sanctus
658 2328 745 2390 papa
767 2307 944 2388 Gregorius
967 2308 1191 2389 episcopatum
1214 2329 1315 2372 unum
1339 2311 1371 2372 in
1391 2313 1483 2387 duos,
1500 2321 1537 2376 ut
1560 2323 1654 2396 patet

299 2432 334 2495 in
360 2431 499 2513 registro
525 2451 593 2501 suo,
620 2427 703 2491 libro
729 2437 857 2504 octavo,
881 2427 1021 2508 epistola
1047 2430 1163 2509 prima,
1192 2430 1289 2494 Petro
1315 2433 1470 2515 episcopo
1498 2432 1656 2511 Corsicae,

299 2561 335 2616 et
367 2551 532 2614 ordinavit
561 2548 736 2613 duodecim
770 2548 839 2611 sore
872 2548 1045 2630 episcopos
1075 2548 1108 2611 in
1138 2551 1312 2614 duodecim
1346 2553 1590 2635 episcopatibus
1620 2557 1654 2618 in

300 2680 509 2754 perpetuum,
535 2670 590 2733 ubi
617 2668 679 2732 suit
703 2668 773 2751 jam
802 2668 864 2730 nisi
892 2687 976 2731 unus
1002 2668 1175 2750 episcopus
1202 2679 1236 2733 et
1262 2692 1346 2734 unus
1372 2674 1591 2757 episcopatus
1616 2687 1655 2740 ut

299 2800 395 2874 patet
421 2791 456 2854 in
478 2789 631 2872 Epistola
659 2787 776 2852 Sancti
804 2787 956 2869 Gregorii
984 2786 1108 2852 Sancto
1136 2788 1336 2872 Augustino,
1361 2793 1548 2877 Anglorum
1574 2799 1656 2879 apo·

302 2912 401 2986 stolo,
418 2920 452 2975 et
467 2919 518 2974 est
539 2910 595 2974 illa
617 2909 756 2991 epistola
776 2909 810 2970 in
831 2908 969 2990 registro
986 2907 1100 2973 Sancti
1117 2910 1276 2994 Gregorii,
1321 2914 1479 2980 ODeus!
1512 2919 1659 2983 concede

302 3042 340 3097 ut
366 3031 511 3115 episcopi
539 3041 573 3094 et
599 3029 816 3113 praesidentes
845 3029 960 3111 pocius
986 3039 1105 3111 optent
1134 3034 1290 3114 prodesse
1317 3037 1530 3119 spiritualiter
1553 3057 1656 3121 quarn

301 3154 461 3236 prodesse
483 3150 717 3232 temporaliter,
733 3151 811 3231 quia
834 3156 914 3212 tunc
937 3169 1002 3212 non
1026 3151 1073 3214 sic
1094 3162 1290 3233 appeterent
1312 3157 1394 3219 duas
1417 3158 1579 3238 ecclesias,
1597 3180 1658 3225 nec

303 3274 510 3358 praebendas.
555 3271 721 3336 Dominus
744 3271 846 3353 Hugo
867 3271 911 3334 de
929 3270 1068 3346 Vienna,
1088 3274 1262 3338 cardinalis
1284 3288 1407 3342 sanctae
1429 3278 1570 3360 Sabinae,
1590 3291 1659 3346 tes··

303 3404 397 3461 tatur
425 3413 525 3475 super
550 3391 660 3455 Actus
686 3389 938 3473 Apostolorum,
962 3393 1052 3474 quod
1081 3413 1198 3458 omnes
1221 3417 1305 3478 quos
1334 3397 1405 3480 ipse
1435 3401 1527 3466 no'vit
1554 3401 1659 3466 talem

306 3515 531 3599 pluralitatem
554 3511 767 3576 ecclesiarum
790 3510 951 3575 habentes
976 3522 1054 3576 ante
1077 3526 1216 3579 mortem
1239 3538 1344 3594 suam,
1366 3522 1569 3586 consciencia
1591 3523 1660 3595 dic·

304 3647 408 3712 tante,
435 3633 575 3699 confessi
606 3643 684 3696 sunt
716 3632 841 3714 seipsos
868 3633 1125 3715 dampnabiliter
1152 3637 1275 3701 vixisse
1301 3641 1369 3703 duo
1393 3641 1553 3707 beneficia
1582 3645 1660 3708 reti·

304 3759 427 3832 nendo,
443 3755 498 3818 ubi
515 3774 617 3817 unum
633 3753 698 3815 fuit
718 3753 882 3816 sufficiens
901 3754 944 3817 ad
964 3775 1077 3818 eorum
1096 3759 1286 3823 necessaria
1331 3760 1439 3840 Tales,
1454 3762 1661 3845 pluralitates

307 3878 481 3953 habentes,
498 3875 616 3938 merito
635 3895 695 3937 suo
719 3873 807 3937 malo
821 3883 988 3947 ¹vocantur
1012 3877 1232 3964 devoratores,
1252 3889 1285 3943 et
1303 3882 1523 3948 destnictores
1544 3886 1662 3950 salutis

308 3999 502 4075 animarum,
528 4004 563 4059 et
589 3993 698 4058 cultus
721 3994 796 4071 Dei,
820 3996 898 4076 quia
922 4015 1006 4059 unus
1031 3997 1107 4060 talis
1132 3999 1270 4082 impedit
1294 4003 1451 4086 quicquid
1474 4004 1553 4069 boni
1577 4006 1663 4071 alius

309 4119 417 4182 bonus
437 4126 545 4181 rector
565 4136 623 4178 seu
646 4114 893 4196 praebendarius
917 4115 950 4177 in
974 4137 1041 4179 uno
1064 4117 1224 4184 beneficio
1246 4143 1306 4185 suo
1328 4122 1459 4204 laceret,
1480 4136 1514 4190 et
1536 4127 1563 4190 si
1585 4148 1663 4192 vere

305 4246 445 4321 saperet,
475 4236 603 4300 videret
638 4234 734 4312 clare,
763 4237 854 4318 quod
890 4237 1005 4318 pocius
1035 4238 1177 4304 intendit
1210 4242 1289 4306 talia
1325 4245 1413 4309 bona
1448 4246 1661 4312 ecclesiarum
