3818 4904
295 384 357 448 208
672 390 769 444 LOCI
794 388 823 441 E
851 389 976 442 LIBRO
1011 387 1270 442 VERITATUM.

381 614 418 680 [p.
444 612 514 681 593]
559 611 677 678 Reges.
724 602 819 666 Istud
851 612 900 665 est
933 612 1047 667 contra
1081 603 1256 665 modernos
1287 609 1321 663 et
1350 608 1465 663 contra
1495 604 1646 680 regentes

297 723 440 789 Oxouiae
463 725 519 808 qui
542 725 691 787 vendunt
716 724 838 806 gradus
865 732 899 786 et
924 723 1061 805 gracias,
1093 722 1112 785 i.
1129 743 1157 785 e.
1180 720 1449 802 dispensaciones
1474 739 1560 793 suas,
1587 738 1645 781 seu

295 845 447 909 licencias
470 846 512 908 ad
538 846 661 927 gradus
685 844 883 921 scolasticos,
910 853 944 907 et
968 845 1072 907 eciam
1095 843 1244 905 venduut
1271 841 1378 904 officia
1401 850 1436 904 et
1458 837 1646 903 bedellatus

295 985 353 1028 seu
380 965 523 1047 aliquem
551 985 623 1027 esse
649 965 694 1027 ibi
719 962 897 1027 bedellum.
916 1013 923 1026 .
940 1013 947 1027 .
964 1012 971 1027 .
987 1011 994 1026 .
1013 963 1116 1027 .Vae!
1142 962 1213 1025 vae!
1241 971 1375 1043 quantae
1401 970 1478 1024 sunt
1501 959 1646 1023 tenebrae

295 1085 329 1148 iu
359 1086 448 1164 orbe,
478 1095 511 1149 et
544 1094 626 1167 quot
656 1085 688 1148 in
719 1083 845 1166 Anglia
878 1094 1090 1147 surrexerunt
1120 1092 1298 1165 postquam
1332 1083 1504 1164 episcopus
1535 1078 1647 1143 Cices·

294 1206 421 1280 tremis,
450 1205 656 1287 Reginaldus
689 1205 797 1269 Pecok
828 1206 870 1268 de
896 1204 1027 1282 Wallia,
1054 1203 1244 1285 praedicavit
1274 1203 1318 1266 ad
1349 1223 1478 1267 crucem
1508 1200 1646 1264 sanctis-

294 1327 368 1390 simi
396 1326 487 1389 Pauli
514 1327 696 1390 Londoniis
726 1327 816 1409 quod
843 1327 997 1408 episcopi,
1023 1326 1055 1387 in
1082 1323 1145 1388 hoc
1175 1324 1265 1406 quod
1291 1323 1438 1406 episcopi
1465 1333 1551 1399 suut,
1578 1341 1644 1384 nou

295 1456 448 1511 tenentur
468 1449 646 1530 praedicare
665 1467 777 1523 coram
797 1446 929 1528 populo,
946 1445 1139 1527 accipiendo
1161 1445 1247 1507 hunc
1268 1446 1446 1507 terminum
1467 1443 1645 1526 praedicare

295 1568 329 1630 in
354 1588 415 1631 suo
437 1568 570 1650 proprio
596 1566 789 1649 significatu
812 1576 846 1630 et
868 1586 1002 1630 causam
1024 1566 1123 1629 istam
1148 1564 1292 1628 reddidit
1315 1566 1437 1642 dicens,
1459 1563 1645 1627 ‘Diouisius

294 1708 382 1770 papa
407 1689 518 1752 divisit
553 1687 726 1770 parochias
757 1688 800 1750 ab
836 1687 1089 1769 episcopatibus
1119 1695 1153 1749 et
1185 1685 1278 1749 dedit
1314 1705 1427 1749 curam
1461 1685 1644 1748 animarum

295 1810 475 1873 rectoribus
499 1819 533 1873 et
555 1808 676 1872 curatis
701 1808 904 1871 immediatis
928 1807 1139 1870 ecclesiarum
1162 1806 1408 1888 parochialium,
1431 1815 1464 1870 et
1488 1804 1587 1882 tunc,'
1608 1815 1644 1870 ut

295 1929 382 1993 dixit
409 1930 463 1992 ille
488 1930 609 2003 Pecok,
632 1929 806 2011 episcopus
829 1928 893 2007 ille,
919 1935 1026 2010 ‘papa
1052 1928 1220 1991 Dionisius
1246 1928 1445 1991 disoneravit
1472 1929 1644 2010 episcopos

294 2050 338 2113 ab
365 2070 464 2113 onere
490 2049 691 2131 praedicandi
718 2050 751 2111 in
778 2050 845 2111 suis
871 2049 1058 2112 diocesibus
1085 2058 1118 2111 et
1143 2070 1163 2112 a
1190 2047 1361 2131 multiplici
1386 2068 1464 2112 cura
1489 2049 1644 2131 imposita

295 2179 374 2233 tunc
396 2190 455 2251 per
475 2170 566 2233 illum
582 2190 705 2251 papam
722 2169 908 2233 Diouisium
929 2170 1050 2234 curatis
1071 2169 1281 2233 ecclesiamm
1297 2167 1544 2251 parochialium’
1560 2212 1569 2229 .
1585 2214 1593 2230 .
1611 2217 1618 2233 .
1636 2218 1643 2232 .

295 2291 353 2354 sed
383 2291 462 2372 quia
493 2292 556 2353 iste
586 2289 696 2354 Pecok
730 2290 904 2371 episcopus
933 2291 1023 2353 visus
1054 2290 1116 2354 luit
1146 2292 1283 2354 diversis
1320 2293 1482 2374 episcopis
1512 2291 1644 2374 Angliae

294 2412 500 2475 disonerasse
516 2411 686 2492 episcopos
706 2410 750 2473 ab
766 2410 972 2492 obligacione
989 2412 1200 2493 praedicaudi,
1217 2422 1251 2476 et
1265 2413 1309 2475 ab
1330 2413 1536 2495 obligacione
1551 2413 1645 2495 plura

293 2553 395 2614 opera
424 2552 511 2595 curae
544 2531 728 2595 animarum
759 2530 908 2607 faciendi,
938 2532 1022 2607 ide0,
1053 2541 1090 2594 ut
1123 2533 1273 2610 creditur,
1304 2542 1338 2597 et
1369 2534 1497 2609 dicitur,
1527 2534 1645 2598 habuit

295 2655 441 2715 diversos
469 2652 640 2734 episcopos
663 2650 797 2732 Angliae
825 2651 854 2713 ei
878 2650 1035 2728 faventes,
1057 2654 1208 2734 quamvis
1234 2655 1352 2717 diversi
1381 2655 1533 2718 doctores
1557 2656 1646 2719 The·

294 2773 413 2854 ologiae
441 2772 650 2837 Oxonieuses
677 2781 711 2835 et
738 2771 1027 2854 Cantabrigieuses
1057 2774 1162 2837 multa
1188 2774 1336 2838 feceruut
1362 2786 1476 2839 contra
1503 2777 1644 2840 eundem

295 2893 485 2975 episcopum
524 2892 643 2966 Pecok,
677 2892 898 2973 praedicand0,
935 2893 1116 2969 scribendo,
1154 2903 1188 2957 et
1224 2896 1477 2960 determinando
1514 2897 1645 2980 publice

296 3013 467 3077 Londiniis
497 3014 529 3077 in
560 3015 738 3095 praesencia
768 3012 1005 3096 archiepiscopi
1034 3013 1288 3091 Cautuarieusis,
1314 3016 1471 3094 Stafford,
1495 3021 1551 3102 qui
1583 3019 1645 3083 fuit

294 3133 441 3213 civilista,
470 3144 503 3199 et
534 3136 565 3197 iu
596 3135 776 3217 praeseucia
806 3134 910 3198 eciam
945 3135 990 3197 ibi
1023 3134 1166 3217 plurium
1200 3139 1438 3222 episcoporum,
1465 3150 1499 3204 et
1528 3150 1646 3223 postea

294 3276 403 3320 coram
440 3255 685 3338 archiepiscopo
716 3255 954 3331 Cautuarieusi,
985 3256 1099 3338 Kemp
1136 3259 1278 3337 nomine,
1309 3271 1343 3324 et
1380 3270 1496 3343 postea
1533 3282 1644 3326 coram

295 3377 432 3442 domiuo
457 3375 589 3440 Thoma
615 3375 782 3455 Bouschir,
805 3376 1052 3458 archiepiscopo
1077 3376 1326 3459 Cautuarieusi3
1350 3384 1434 3447 iuter
1460 3403 1544 3465 quos
1566 3384 1644 3448 doc·

295 3507 383 3562 tores
405 3499 576 3580 praecipue
597 3499 630 3561 in
660 3519 759 3562 causa
783 3498 845 3561 Dei
868 3497 1001 3561 luerunt
1024 3497 1072 3560 M.
1090 3499 1206 3563 Petrus
1229 3502 1386 3584 Hyrlord,
1406 3504 1645 3570 Lincolnieusis

294 3619 454 3696 diocesis;
478 3618 525 3682 M.
541 3618 728 3682 Willelmus
750 3619 976 3701 Myllyngtou,
999 3615 1218 3685 Eboracensis
1240 3624 1401 3704 diocesis;
1423 3625 1541 3690 doctor
1554 3626 1646 3691 Tho·

295 3761 367 3803 mas
398 3740 555 3818 Eborall;
592 3742 708 3804 doctor
737 3740 905 3822 Johannes
936 3739 1107 3815 Burbach3
1143 3751 1177 3805 et
1207 3742 1359 3808 doctores
1389 3746 1510 3830 egregii
1540 3747 1646 3812 eciam

294 3860 367 3942 iiij⁰¹
384 3862 536 3924 ordinum
554 3870 707 3943 patrum;
730 3871 763 3924 et
785 3862 900 3924 doctor
922 3859 1023 3942 Hugo
1043 3860 1200 3942 Damlet3
1224 3865 1280 3945 qui
1303 3865 1336 3927 in
1358 3866 1493 3930 diversis
1515 3868 1646 3952 scriptis

293 3979 395 4062 ipsius
420 3981 530 4045 Pecok
553 3979 705 4064 Anglicis
731 3992 765 4046 et
792 3982 921 4046 Latinis
947 3984 1056 4063 ipsum
1083 4002 1255 4047 erroneum
1281 3994 1315 4048 et
1341 3985 1534 4053 haereticum
1561 3990 1644 4054 iudi·

295 4112 459 4175 caverunt,
485 4102 562 4183 quia
587 4103 696 4166 Pecok
724 4105 897 4186 episcopus
927 4102 1068 4166 multum
1094 4104 1317 4185 vilipendebat
1346 4109 1435 4173 dicta
1460 4118 1494 4175 et
1523 4111 1645 4195 scripta
