3818 4904
306 386 364 449 192
677 373 775 426 LOCI
801 372 830 423 E
859 371 983 425 LIBRO
1019 371 1276 427 VERITATUM.

301 591 452 654 datorem
483 589 574 651 verbi
605 589 654 649 sui
686 608 751 650 non
782 596 972 650 exactorem
1000 587 1077 648 vitae
1109 586 1210 668 ipsius
1238 585 1411 650 audientis
1460 586 1572 650 Tuum
1604 596 1655 651 est

301 714 390 786 dare,
406 710 571 774 audientis
594 719 644 773 est
665 708 839 784 informari,
855 718 889 771 et
912 708 1093 772 secundum
1115 707 1252 770 verbum
1271 709 1407 790 operari,
1423 709 1513 790 quod
1537 708 1565 771 si
1589 729 1655 771 non

301 833 410 909 faciat,
431 830 568 894 verbum
592 830 755 912 prolatum
779 849 891 893 coram
915 829 989 891 Deo
1013 828 1074 890 erit
1096 837 1210 891 contra
1233 829 1340 910 ipsum
1364 828 1396 891 in
1419 829 1655 907 testimonium,

301 954 390 1035 quod
415 952 514 1028 novit,
536 951 626 1032 quod
651 950 785 1023 audivit,
810 950 900 1031 quod
926 948 1101 1023 intellexit,
1125 958 1159 1011 et
1181 957 1252 1011 tum
1278 969 1343 1010 non
1367 948 1464 1026 secit;
1491 948 1568 1013 ideo
1591 950 1655 1012 Dei

302 1082 353 1137 est
384 1073 517 1153 exigere
547 1070 637 1135 verbi
668 1069 819 1144 fructum,
850 1079 884 1133 et
918 1070 1143 1150 praedicatoris
1178 1078 1228 1131 est
1259 1070 1338 1132 dare
1373 1070 1520 1133 verbum.
1573 1070 1655 1133 Ideo

301 1193 360 1257 tali
387 1193 475 1259 dicet
502 1192 595 1255 Deus
620 1190 702 1253 illud
729 1190 900 1272 evangelii,
926 1189 1058 1271 ‘Quare
1086 1209 1151 1251 non
1181 1189 1301 1252 dedisti
1325 1191 1498 1271 pecuniam
1522 1187 1656 1266 meam,’

302 1315 363 1377 ie.
382 1312 529 1390 verbum,
551 1313 609 1374 ‘ad
634 1310 803 1385 mensam‚'
826 1311 845 1373 i.
858 1332 887 1373 e.
908 1311 951 1372 ad
973 1310 1141 1391 puplicum
1163 1310 1389 1387 ministerium,
1405 1315 1459 1374 ‘ut
1482 1330 1544 1392 ego
1563 1312 1655 1374 veni-

302 1455 362 1498 ens
382 1435 552 1514 exigerem
573 1428 726 1504 usuram‚’
750 1432 770 1493 i.
782 1452 811 1492 e.
831 1431 1070 1493 incrementum
1091 1430 1169 1493 boni
1191 1432 1298 1513 operis
1317 1451 1377 1513 per
1397 1430 1556 1495 verbum?
1580 1432 1655 1496 ideo

302 1555 383 1619 dicit
419 1555 536 1616 beatus
565 1551 776 1633 Augustinus
812 1550 972 1614 Sermone
1005 1571 1065 1613 suo
1100 1551 1336 1628 ducentesimo,
1366 1572 1466 1633 quem
1501 1551 1579 1615 iecit
1611 1552 1654 1615 ad

301 1674 463 1757 populum
487 1674 541 1736 die
561 1671 782 1735 ordinacionis
804 1692 873 1733 suae
896 1671 929 1732 in
951 1671 1152 1752 episcopum,
1175 1671 1413 1753 ‘Erogatorem
1433 1672 1523 1735 verbi
1546 1673 1656 1753 posuit

301 1806 337 1859 te
360 1796 461 1872 Deus,
484 1793 515 1857 O
539 1794 702 1874 episcope,
733 1813 798 1854 non
829 1803 1030 1866 exactorem,
1052 1811 1096 1855 sc.
1119 1793 1205 1865 vitas,
1234 1792 1266 1854 in
1297 1793 1461 1866 audiente,
1488 1791 1656 1873 quiahoc

301 1904 445 1999 pertinet
471 1910 566 1977 De0.'

389 2045 427 2111 [p.
454 2043 523 2110 5¹5]
567 2041 754 2096 Promooio.
801 2032 920 2097 ‘Heul
948 2033 1033 2096 heu!
1063 2033 1148 2096 heut
1195 2032 1339 2096 Domine
1363 2033 1475 2097 Deusl
1506 2033 1654 2115 nunquid

302 2156 625 2220 consummacionem
644 2152 773 2217 sacies?'
797 2154 883 2216 sicut
903 2154 990 2217 dixit
1007 2153 1162 2218 Ezechiel
1182 2152 1342 2236 propheta
1359 2153 1421 2215 Dei
1442 2154 1654 2219 et‘sacerdos

303 2276 528 2341 Consimiliter
545 2275 757 2339 clamandum
778 2284 829 2337 est
850 2273 930 2355 jam,
952 2275 1049 2338 Heu!
1089 2274 1233 2336 Domine
1255 2274 1367 2337 Deus!
1401 2274 1480 2356 quia
1503 2295 1655 2338 consum·

302 2400 409 2462 macio
433 2398 511 2461 boni
544 2395 710 2478 regiminis
736 2395 806 2477 jam
837 2403 889 2458 est
920 2396 952 2457 in
984 2395 1120 2458 diversis
1152 2395 1241 2468 locis,
1275 2394 1340 2471 ubi,
1363 2404 1500 2477 propter
1527 2395 1655 2460 lucrum

300 2519 492 2582 habendum
514 2527 547 2581 et
568 2516 711 2593 divicias,
729 2525 766 2578 ut
786 2517 1016 2597 expendantur
1038 2519 1070 2578 in
1094 2515 1248 2578 domibus
1270 2516 1549 2596 promovendum,
1571 2517 1655 2580 curi-

301 2641 380 2717 ales,
409 2638 577 2716 luxuriosi,
607 2637 753 2701 officiarii
782 2637 999 2714 dominorum,
1029 2648 1063 2700 et
1093 2637 1220 2700 curiose
1253 2635 1439 2718 loquentes,
1471 2646 1504 2700 et
1534 2638 1655 2702 medici

302 2759 415 2842 pocius
439 2779 613 2841 corporum
636 2778 737 2840 quam
761 2758 945 2820 animarum
973 2768 1141 2840 ponuntur
1167 2759 1199 2819 in
1223 2757 1378 2832 ecclesiis,
1402 2758 1434 2819 in
1458 2759 1655 2841 episcopati·

302 2881 374 2958 bus,
391 2881 423 2942 in
445 2879 672 2961 dignitatibus,
687 2889 721 2942 et
740 2880 771 2942 in
788 2879 983 2961 praebendis,
1000 2890 1032 2944 et
1054 2880 1099 2942 sic
1121 2890 1288 2961 ponuntur
1307 2880 1339 2942 in
1355 2880 1500 2943 ecclesiis
1520 2880 1655 2944 festucae

302 3021 362 3081 pro
385 3001 554 3074 columnis,
579 3000 670 3082 pueri
697 3021 757 3082 pro
780 3002 866 3079 viris,
890 3002 1008 3064 ribaldi
1032 3022 1092 3083 pro
1115 3002 1237 3064 sanctis
1261 3001 1457 3079 hominibus,
1480 3001 1571 3064 inscii
1594 3022 1656 3084 pro

303 3122 439 3185 maturis
464 3122 541 3183 viris
567 3131 601 3184 et
623 3121 810 3199 scientibus
836 3132 869 3185 et
893 3123 1053 3199 monachi,
1077 3133 1110 3186 ct
1137 3121 1280 3204 religiosi
1304 3123 1432 3198 diversi,
1457 3123 1513 3203 qui
1540 3122 1655 3186 dicunt

302 3263 338 3305 se
360 3261 453 3304 orare
478 3262 537 3324 pro
558 3242 772 3323 parochianis,
795 3263 935 3323 quorum
960 3244 1095 3307 divicias
1118 3253 1152 3306 et
1173 3243 1363 3306 oblaciones
1385 3244 1509 3308 habent
1535 3265 1656 3326 appro-

302 3364 434 3445 priatas,
457 3382 516 3426 nec
542 3375 636 3427 orant
661 3383 771 3426 coram
797 3366 852 3443 eis,
875 3365 987 3427 dando
1014 3366 1061 3428 eis
1088 3366 1281 3448 exemplum
1307 3367 1495 3429 devocionis
1520 3375 1654 3440 sanctae,

302 3505 363 3548 nec
393 3486 475 3549 dant
506 3484 569 3547 illis
602 3485 809 3568 parochianis
838 3487 1033 3550 elemosinas
1064 3488 1270 3565 necessarias
1302 3508 1362 3552 nec
1392 3489 1513 3551 curatis
1543 3508 1655 3552 neces·

301 3606 395 3684 saria,
426 3628 484 3689 per
514 3628 598 3689 quae,
627 3607 658 3669 in
690 3628 803 3671 eorum
834 3609 979 3673 sanitate
1013 3619 1046 3674 et
1077 3610 1109 3671 in
1140 3630 1253 3673 eorum
1285 3610 1485 3684 infirmitate,
1516 3618 1655 3691 possunt

301 3728 473 3809 providere
504 3730 687 3793 necessaria
717 3729 890 3793 animabus
919 3750 1053 3794 suorum
1084 3727 1374 3814 parochianorum!
1406 3742 1439 3794 et
1470 3731 1546 3794 ideo
1567 3730 1656 3795 dixit

302 3848 458 3912 dominus
489 3849 738 3928 Lincolniensis,
768 3852 885 3914 doctor
916 3852 1083 3916 Robertus
1114 3851 1328 3929 Grosseteste,
1358 3852 1392 3913 in
1427 3851 1656 3933 proposicione

302 3989 413 4032 coram
437 3991 525 4054 papa
557 3971 764 4049 lnnocencio,
790 3978 885 4035 ‘cum
917 3973 1127 4036 ecclesiarum
1159 3972 1396 4054 parochialium
1427 3972 1656 4054 appropriatio

303 4088 390 4153 sacta
410 4102 469 4169 est,
485 4094 517 4155 in
539 4092 676 4157 ecclesia
696 4093 760 4155 Dei
781 4094 929 4155 omnium
953 4093 1113 4157 malorum
1134 4090 1356 4176 perpetuacio'
1373 4142 1380 4157 .
1397 4143 1404 4157 .
1421 4140 1453 4158 ..
1474 4092 1514 4155 ln
1530 4091 1656 4176 Anglia

303 4210 390 4272 enim
416 4231 474 4292 per
496 4224 538 4292 50
561 4234 665 4276 annos
689 4222 722 4277 et
746 4214 839 4291 ultra,
863 4214 906 4277 ab
929 4235 1016 4279 anno
1040 4215 1100 4278 Xti
1127 4231 1219 4296 1403,
1243 4213 1275 4276 in
1298 4235 1365 4296 quo
1392 4214 1437 4277 lui
1460 4225 1566 4292 natus,
1589 4234 1655 4277 non
