3818 4904
670 448 770 505 LOCI
794 448 824 502 E
852 448 976 504 LIBRO
1011 448 1270 506 VERITATUM.
1585 455 1645 523 115

295 680 435 725 summae
451 661 550 725 levari
565 663 711 745 potuerit
725 662 778 727 vel
793 662 902 746 colligi
913 662 936 728 l’
974 664 1070 742 Item,
1081 664 1229 747 sequitur
1245 685 1287 728 ex
1304 662 1361 727 tali
1377 661 1647 746 appropriacione

296 781 391 845 unius
411 783 550 847 ecclesia
570 804 671 848 causa
690 792 724 848 et
743 784 872 847 occasio
887 784 1122 868 appropriandi
1137 785 1236 849 aliam
1252 784 1425 850 ecclesiam
1442 784 1549 849 eidem
1564 785 1646 864 loc0,

296 902 373 984 quia
395 902 510 968 statim
536 913 573 969 ut
594 925 660 972 una
687 904 824 969 ecclesia
846 907 893 970 eis
919 906 1134 989 appropriata
1156 907 1271 989 incipit
1292 907 1335 970 de
1357 926 1489 969 summa
1510 905 1648 988 antiqua

295 1032 330 1086 et
349 1024 483 1089 annuali
506 1024 618 1101 minui,
638 1046 719 1089 mox
740 1025 891 1093 laborant
911 1048 971 1109 pro
991 1027 1059 1092 alia
1079 1026 1216 1091 ecclesia
1235 1027 1487 1110 approprianda,
1504 1035 1646 1108 praeten-

296 1122 414 1207 dentes
439 1154 681 1227 paupertatem,
706 1154 741 1210 et
766 1147 813 1210 sic
841 1147 988 1210 ‘abissus
1012 1148 1157 1211 abissum
1186 1146 1334 1226 invocat,’
1360 1157 1395 1212 et
1419 1145 1647 1230 appropriacio

296 1262 394 1337 unius
420 1264 565 1328 ecclesiae
591 1275 749 1348 provocat
775 1266 822 1330 sic
848 1267 890 1329 ad
918 1266 1018 1330 aliam
1041 1267 1214 1332 ecclesiam
1237 1266 1527 1350 appropriandam.
1572 1264 1647 1329 Erit

297 1383 532 1466 multiplicacio
561 1384 704 1468 plurium
734 1407 903 1450 servorum
927 1396 961 1452 et
987 1387 1172 1451 ociosorum
1199 1396 1234 1452 et
1259 1406 1455 1469 pomparum
1481 1396 1514 1450 et
1543 1384 1648 1449 fercu-

295 1502 402 1568 lorum
419 1513 453 1569 et
472 1506 636 1569 donorum
657 1507 786 1588 magnis
808 1517 841 1571 et
860 1507 1017 1572 divitibus
1038 1507 1072 1570 in
1094 1508 1229 1570 mundo
1274 1508 1457 1570 Provocant
1478 1505 1647 1587 religiosos

296 1632 332 1696 et
347 1624 585 1689 ecclesiasticos
600 1635 703 1690 terras
718 1628 812 1691 terris
827 1638 861 1692 et
877 1626 1050 1692 ecclesiam
1067 1626 1212 1695 ecclesiae
1228 1626 1435 1709 conjungere,
1447 1633 1480 1689 et
1496 1626 1529 1688 in
1544 1625 1645 1688 detri-

296 1755 446 1808 mentum
468 1746 612 1828 plurium
634 1756 769 1812 actuum
791 1749 953 1812 bonorum
976 1746 1038 1811 sibi
1061 1747 1140 1830 ipsis
1163 1747 1325 1830 colligere,
1348 1755 1391 1822 et,
1411 1753 1498 1810 teste
1521 1743 1647 1809 Sancto

293 1864 474 1947 Jeronimo,
491 1865 575 1931 libro
590 1868 684 1949 xiiij⁰‚
705 1889 803 1951 super
818 1867 1029 1933 Ezechielem
1044 1867 1251 1951 prophetam,
1267 1868 1314 1933 ita
1334 1868 1455 1931 dantur
1472 1876 1567 1931 terrae
1587 1863 1647 1928 ali·

295 1985 375 2064 enis,
386 1986 463 2068 quia
474 1986 626 2051 homines
641 2009 707 2051 non
718 1988 844 2053 habent
856 1989 935 2053 dare
944 1989 1084 2071 propriis
1096 1988 1171 2052 filiis
1183 1997 1216 2052 et
1228 1987 1425 2062 domesticis,
1435 1986 1492 2070 qui
1503 1985 1646 2069 patriam

295 2107 511 2177 defenderent
527 2117 560 2171 et
575 2106 802 2191 hospitalitate
817 2118 851 2172 et
865 2109 954 2173 bono
972 2109 1108 2173 consilio
1131 2110 1303 2173 nutrirent.
1352 2109 1420 2171 Fur
1434 2115 1469 2171 et
1489 2107 1574 2171 latro
1595 2113 1647 2169 est

294 2227 351 2310 qui
373 2226 481 2294 aliena
503 2227 624 2309 injuste
646 2229 732 2310 rapit
751 2238 785 2293 et
804 2229 934 2311 accipit.
980 2229 1074 2304 Item,
1090 2228 1141 2292 fur
1163 2239 1214 2293 est
1230 2229 1305 2293 Deo
1325 2228 1381 2311 qui
1401 2237 1495 2292 actus
1515 2225 1646 2290 debitos

294 2347 365 2412 fieri
380 2347 526 2426 retrahit,
541 2349 691 2430 impedit,
707 2369 765 2414 seu
786 2370 853 2413 non
867 2349 946 2414 iacit
959 2375 968 2428 3
995 2349 1085 2414 Xtus
1102 2348 1189 2413 enirn
1206 2350 1239 2412 in
1255 2348 1437 2433 Evangelio
1452 2348 1542 2421 dicit,
1559 2346 1647 2408 ‘Fur

294 2489 361 2536 non
372 2468 472 2546 venit,
484 2468 545 2531 nisi
561 2478 598 2540 ut
613 2477 738 2533 mactet
754 2478 788 2534 et
803 2469 939 2553 perdat,'
953 2491 998 2535 sc.
1008 2471 1098 2553 quod
1112 2478 1162 2534 est
1177 2491 1245 2534 suae
1256 2468 1419 2533 voluntati
1435 2466 1645 2531 contrarium.

292 2588 350 2654 Sic
371 2588 553 2671 episcopus,
571 2598 685 2670 rector,
701 2599 734 2655 et
752 2591 935 2671 officiarius,
951 2591 984 2654 in
999 2590 1123 2673 populo
1138 2591 1189 2653 iur
1210 2598 1309 2654 estet
1326 2588 1492 2652 homicida
1512 2585 1647 2669 quando

292 2710 442 2793 impedit,
465 2709 518 2772 vel
542 2710 687 2786 retrahit,
711 2732 768 2775 seu
792 2732 857 2775 non
880 2711 960 2777 facit
982 2732 1085 2794 opera
1111 2711 1226 2776 debita
1247 2720 1282 2775 et
1304 2708 1496 2786 necessaria,
1516 2717 1550 2771 et
1570 2725 1646 2787 quae

292 2840 425 2896 tenetur
446 2829 561 2909 facere,
577 2832 655 2913 quia
673 2853 717 2900 ex
733 2831 863 2897 defectu
884 2833 943 2910 tali
957 2835 1078 2897 animae
1099 2841 1237 2916 pereunt
1258 2841 1292 2896 et
1310 2829 1469 2895 deficiunt
1483 2851 1504 2894 a
1517 2826 1647 2892 virtuti·

290 2953 355 3016 bus
373 2974 394 3016 a
409 2952 484 3023 Deo
498 2977 506 3030 3
530 2955 620 3034 quod
635 2963 728 3035 patet
745 2975 789 3017 ex
803 2954 912 3018 verbis
928 2954 1074 3034 Domini,
1091 2953 1276 3020 Ezechielis
1292 2952 1348 3035 iij0,
1366 2951 1423 3015 ‘Si
1438 2970 1504 3014 non
1519 2968 1647 3016 annun-

291 3073 440 3149 ciaveris,
467 3092 511 3136 sc.
539 3073 652 3137 debita
678 3075 878 3152 annunciari,
905 3075 1040 3151 homini,
1071 3076 1266 3158 sanguinem
1293 3072 1363 3157 ejus
1388 3071 1431 3135 de
1460 3090 1560 3141 manu
1587 3077 1647 3134 tua

292 3190 478 3277 requiram,'
493 3192 514 3256 i.
525 3214 552 3256 e.
569 3192 640 3275 ejus
655 3206 763 3259 morte
778 3195 939 3278 spirituali
955 3216 1000 3260 ex
1015 3205 1075 3260 tuo
1091 3196 1221 3260 deiectu
1237 3206 1271 3259 te
1286 3192 1484 3258 aetemaliter
1497 3191 1644 3274 puniam.

379 3322 417 3390 [p.
437 3322 506 3390 550]
550 3322 709 3387 Hoerssis.
752 3316 940 3397 jeronimus
966 3318 1009 3381 de
1035 3318 1150 3400 nga,
1178 3316 1335 3398 magister
1364 3313 1497 3389 arcium,
1523 3311 1647 3394 laycus,

292 3436 441 3518 relapsus
461 3434 523 3499 suit
546 3437 579 3501 in
602 3435 745 3501 haereses
764 3437 926 3518 Johannis
945 3437 1084 3521 Wyclys
1103 3439 1147 3501 de
1166 3436 1293 3519 Anglia
1312 3445 1347 3512 et
1368 3432 1529 3515 Johannis
1553 3431 1646 3494 Huss

291 3558 335 3622 de
357 3558 472 3640 Praga,
487 3577 577 3639 quas,
592 3577 680 3631 anno
696 3558 831 3621 Domini
846 3566 896 3622 m⁰
911 3566 1000 3625 cccc⁰
1019 3563 1087 3638 xv0,
1104 3558 1205 3640 xxiij⁰
1220 3558 1275 3622 die
1291 3556 1412 3621 mensis
1429 3552 1645 3637 Septembris,

292 3679 326 3742 in
356 3677 439 3741 sacri
470 3677 597 3741 concilii
630 3676 896 3742 Constanciensis
926 3679 1075 3743 cessione
1105 3678 1238 3762 publica
1266 3677 1482 3759 abjuraverat,
1509 3682 1544 3738 et
1571 3673 1648 3737 ideo

291 3799 411 3863 merito
434 3805 515 3862 tunc
536 3797 621 3881 ignis
639 3799 788 3881 voragini
810 3800 989 3882 deputatus
1011 3800 1073 3864 suit
1096 3821 1155 3883 per
1175 3799 1257 3863 illud
1276 3797 1431 3880 generale
1451 3793 1647 3873 concilium3

290 3928 326 3985 et
360 3928 440 3983 tunc
475 3919 647 4001 dampnati
682 3920 813 3985 fuerunt
847 3921 880 3984 in
916 3922 1035 3985 eodem
1072 3921 1211 3985 concilio
1246 3917 1497 3982 constanciensi
1513 3923 1649 3994 :tamen

289 4039 461 4123 Johannes
485 4039 646 4123 Magister
667 4040 806 4124 Wyclys
827 4051 861 4106 et
882 4042 1045 4125 Magister
1065 4041 1234 4122 Johannes
1259 4039 1360 4115 Huss‚
1381 4047 1550 4101 eteorum
1573 4035 1647 4099 libri

291 4161 474 4244 dampnati,
493 4170 530 4224 ut
552 4161 682 4226 videtur
704 4163 737 4227 in
761 4162 845 4227 libro
869 4164 923 4228 De
948 4162 1059 4238 Gestis
1084 4161 1352 4228 Constanciensis
1375 4169 1409 4234 et
1432 4158 1466 4221 in
1487 4157 1572 4222 libro
1593 4157 1648 4220 De

291 4282 404 4349 Gestis
431 4281 570 4348 Concilii
597 4283 806 4365 Basiliensis;
842 4294 876 4351 et
903 4306 991 4349 anno
1018 4285 1079 4352 Xti
1106 4289 1155 4349 m⁰
1181 4291 1251 4349 ccco
1279 4280 1491 4365 octogesimo
1517 4279 1649 4346 vivente

939 4403 998 4465 Q2
