3818 4904
329 333 389 397 168
703 300 802 390 'Locr
827 334 857 388 E
885 334 1009 389 Lisso
1045 334 1303 391 uestrarum,

327 557 407 640 priis
431 556 528 620 bonis
554 555 701 637 ipsorum
723 552 934 616 dominorum
958 548 1165 627 exhiberent,
1188 558 1222 613 et
1244 549 1328 613 tales
1353 567 1466 613 secum
1489 549 1676 624 retinerent,

328 678 385 760 qui
405 676 448 742 ab
466 675 557 740 omni
578 673 643 737 alia
662 691 740 736 cura
756 670 850 736 exuti
870 680 980 735 essent
991 694 1000 749 ;
1023 671 1099 734 ideo
1122 670 1209 734 enim
1225 669 1390 733 Dominus
1412 671 1577 752 separavit
1592 668 1678 733 filios

329 799 411 863 Levi
436 798 480 862 ab
506 797 633 861 actibus
659 792 896 871 communibus,
922 803 960 856 ut
985 792 1114 857 actibus
1145 799 1300 855 vacarent
1328 811 1411 873 quos
1441 790 1610 874 praecepit¹
1631 791 1678 854 eis

329 918 422 984 Deus
444 926 479 982 et
500 914 642 1001 apostoli
665 914 813 978 Actuum
832 910 863 976 6.

328 1159 460 1223 cuidam
483 1158 639 1241 episcopo
661 1158 695 1219 in
716 1153 850 1238 Anglia,
870 1155 961 1236 quod
984 1154 1054 1235 ipse
1075 1162 1216 1229 vocaret,
1240 1162 1277 1217 ut
1296 1161 1408 1217 essent
1434 1152 1596 1236 capellani
1617 1152 1677 1227 sui,

329 1298 544 1363 quoscunque
568 1276 756 1340 sacerdotes
779 1282 910 1338 curatos
934 1273 1039 1337 voluit
1064 1274 1126 1336 sub
1153 1282 1243 1338 certo
1267 1293 1413 1350 numero,
1438 1273 1485 1337 ita
1507 1272 1598 1354 quod
1619 1292 1680 1335 ex·

327 1399 432 1464 cusati
455 1407 566 1462 essent
585 1397 628 1461 ab
651 1394 742 1458 omni
767 1392 946 1459 residencia
971 1393 1005 1457 in
1027 1414 1087 1457 sua
1116 1395 1263 1471 rectoria,
1285 1402 1321 1458 et
1347 1395 1452 1458 eciam
1477 1393 1620 1471 vicaria3
1644 1401 1679 1457 et

329 1519 415 1584 inter
440 1528 577 1584 caeteros
600 1516 731 1580 vocavit
753 1535 855 1578 unum
879 1513 935 1597 qui
960 1513 1021 1578 fuit
1047 1523 1154 1579 rector
1177 1523 1211 1579 et
1233 1514 1379 1590 vicarius,
1402 1522 1439 1578 ut
1461 1522 1548 1579 esset
1569 1512 1679 1597 capel·

330 1639 425 1704 lanus
450 1659 537 1718 suus,
560 1646 594 1702 et
618 1637 763 1702 admisso
787 1635 820 1698 in
843 1635 988 1698 officium
1014 1633 1177 1717 capellani
1202 1634 1356 1717 episcopi,
1378 1635 1468 1699 idern
1490 1645 1597 1699 rector
1618 1652 1679 1697 nec

328 1760 423 1824 stetit
447 1759 482 1823 in
505 1759 607 1822 domo
633 1756 779 1840 episcopi
806 1775 866 1819 nec
893 1755 928 1819 in
954 1775 1031 1820 cura
1058 1775 1126 1831 sua,
1152 1755 1211 1819 sed
1234 1756 1467 1821 venacionibus
1493 1763 1527 1819 et
1552 1753 1679 1819 deliciis

285 1934 288 1939 .
329 1879 515 1945 carnalibus
537 1899 597 1962 per
617 1897 723 1942 annos
745 1875 884 1952 vacavit,
909 1876 1021 1940 dicens
1043 1896 1079 1941 se
1101 1896 1161 1958 per
1181 1875 1274 1940 illam
1296 1876 1466 1941 licenciam
1488 1898 1585 1961 papae
1607 1876 1680 1942 haec

329 2000 391 2063 sibi
411 2000 509 2065 licere
521 2020 530 2077 ;
556 2007 591 2063 et
611 2016 733 2080 magna
755 2004 893 2078 peccata
916 2005 1072 2061 secuntur
1091 2017 1135 2059 ex
1154 1996 1226 2073 hoc,
1249 1999 1339 2080 quod
1361 1999 1507 2082 episcopi
1529 2010 1564 2064 et
1586 2020 1679 2083 reges

329 2121 456 2185 habent
481 2119 654 2184 licenciam
677 2117 838 2183 retinendi
860 2137 973 2181 secum
1000 2118 1033 2179 in
1057 2118 1153 2182 curiis
1178 2119 1247 2182 suis
1272 2127 1307 2183 et
1329 2120 1443 2185 officiis
1465 2141 1681 2204 quoscunque

328 2241 493 2308 voluerint
514 2240 576 2304 sub
599 2247 689 2305 certo
711 2258 857 2315 numero,
872 2238 929 2320 qui
952 2238 1066 2303 dicunt
1089 2259 1126 2302 se
1148 2240 1298 2302 excusari
1319 2241 1362 2304 ab
1385 2243 1475 2305 omni
1498 2243 1680 2308 residencia

329 2365 364 2427 in
394 2383 508 2428 eorum
535 2362 620 2426 curis
649 2369 684 2425 et
715 2360 829 2424 officiis
859 2380 918 2442 per
942 2359 1043 2423 talem
1071 2359 1243 2424 licenciam
1266 2381 1465 2436 concessam,
1488 2373 1525 2427 ut
1555 2364 1678 2439 dicunt,

329 2484 471 2568 regibus,
491 2493 524 2549 et
547 2483 716 2565 episcopis,
737 2490 771 2544 et
793 2481 936 2545 dominis
957 2481 1024 2544 suis
1047 2482 1231 2557 mundanis,
1249 2491 1285 2545 et
1306 2492 1420 2546 tamen
1442 2484 1543 2567 aliqui
1566 2505 1679 2549 eorum

329 2613 486 2670 tenentur
508 2624 553 2666 ex
570 2602 759 2686 juramento
784 2601 933 2677 residere,
953 2602 1047 2683 quasi
1072 2603 1236 2680 continue,
1259 2603 1292 2666 in
1318 2605 1386 2668 suis
1412 2605 1557 2671 ecclesiis
1581 2606 1680 2671 colle·

330 2725 430 2810 giatis
466 2724 519 2788 vel
557 2721 810 2797 cathedralibus,
841 2729 876 2785 et
904 2720 1006 2804 aliqui
1040 2742 1156 2786 eorum
1186 2745 1231 2786 ex
1259 2724 1431 2791 voluntate
1467 2728 1680 2794 fundatorum

330 2866 464 2909 suorum
486 2853 641 2909 tenentur
663 2843 805 2906 residere
826 2851 861 2906 et
877 2841 1020 2925 plurima
1035 2841 1151 2924 facere,
1170 2853 1205 2909 et
1225 2854 1338 2911 tamen
1359 2868 1404 2911 ex
1426 2848 1561 2915 licencia
1583 2872 1681 2935 papae

331 2975 367 3031 et
386 2964 636 3048 praesidencium
658 2962 742 3029 tales
762 2962 990 3028 ordinaciones
1011 2962 1208 3029 frustrantur
1230 2975 1264 3030 et
1286 2969 1517 3035 remediantur.
1549 2971 1681 3038 Bonum

329 3087 421 3154 enim
446 3095 535 3152 esset
561 3095 676 3151 contra
704 3085 787 3152 talia
812 3084 901 3149 mala
924 3085 1107 3151 remedium
1136 3088 1228 3169 quod
1257 3086 1448 3154 fundatores
1478 3092 1682 3172 ordinarent,

330 3212 421 3295 quod
444 3208 472 3273 si
489 3208 610 3292 aliquis
631 3210 666 3272 in
690 3207 749 3273 tali
772 3206 845 3272 loco
868 3206 1025 3272 fundatus
1047 3209 1207 3290 receperit
1226 3208 1398 3275 licenciam
1423 3212 1458 3274 in
1480 3215 1681 3280 contrarium

329 3330 549 3396 ordinacionis
574 3329 767 3407 fundatoris,
793 3329 883 3411 quod
911 3329 983 3411 ipso
1005 3328 1093 3393 lacto
1118 3330 1160 3394 sit
1183 3330 1343 3413 expulsus
1364 3352 1385 3396 a
1408 3330 1481 3414 jure
1505 3334 1592 3399 illius
1618 3324 1681 3402 loci

331 3461 367 3517 et
395 3450 612 3535 expellendus
637 3472 658 3514 a
682 3449 755 3514 loco
783 3449 855 3513 sine
886 3469 978 3514 mora
1008 3460 1043 3513 et
1070 3450 1114 3514 ab
1140 3453 1230 3514 omni
1261 3452 1470 3518 exhibicione
1498 3455 1532 3518 in
1563 3458 1680 3522 eodem

331 3572 415 3638 loco.
461 3572 625 3636 Dominus
644 3570 732 3635 enim
754 3570 843 3633 dixit
864 3569 940 3633 filiis
962 3569 1108 3646 Zebidei,
1132 3579 1193 3637 etc.

418 3703 454 3771 [p.
474 3702 540 3766 rao]
592 3693 680 3759 Vide
704 3691 791 3757 hanc
817 3692 990 3756 materiam
1015 3691 1101 3755 bene
1130 3703 1365 3775 pertractatam
1394 3695 1428 3759 in
1455 3695 1539 3761 libro
1566 3697 1682 3764 Sancti

332 3814 491 3879 Bemardi
517 3815 572 3878 De
596 3813 845 3896 dispensacione
872 3823 907 3877 et
931 3822 1108 3897 praecepto,
1132 3825 1167 3878 et
1196 3815 1272 3880 vide
1303 3816 1336 3879 in
1365 3815 1450 3880 libro
1473 3816 1528 3882 De
1557 3819 1682 3884 naturis

331 3957 353 4000 a
377 3935 566 4015 ostolorum‚
590 3935 647 3999 ubi
671 3942 765 4018 patet
794 3934 885 4017 quod
909 3933 1068 3999 Nicolaus
1097 3956 1185 4019 papa
1214 3936 1310 4014 dixit,
1335 3936 1500 4002 ‘Securus
1529 3949 1581 4004 est
1606 3955 1682 4005 cum

561 4057 569 4072 '
690 4066 715 4136 t,
738 4065 777 4122 ut
805 4077 872 4120 non
893 4064 1036 4120 vexetur
1056 4057 1090 4120 in
1110 4055 1183 4139 jure
1211 4057 1283 4136 fori,
1306 4059 1366 4123 sed
1390 4080 1458 4123 non
1479 4068 1530 4124 est
1552 4080 1598 4125 ex
1618 4059 1683 4126 hoc

18 4181 262 4268 ΗΕΝΗΥ
302 4169 622 4268 ffflwqjfle
695 4178 727 4255 li,
752 4198 862 4243 coram
884 4177 967 4257 Deo,
992 4178 1049 4260 qui
1076 4198 1143 4243 non
1163 4177 1249 4244 fallit
1271 4199 1332 4245 nec
1355 4179 1485 4258 fallitur,
1510 4179 1595 4247 sicut
1618 4199 1684 4264 ego

17 4310 213 4378 rueuuou
245 4310 382 4378 PRESS
408 4307 672 4376 wuufiuouse.

17 4422 146 4487 nutEN
172 4422 385 4490 CORNER.
407 4422 634 4488 LONOON.

17 4534 56 4592 >T
76 4534 190 4593 'lrlsst'
207 4534 415 4594 fratrom)
434 4532 555 4592 FROM
581 4532 658 4591 ῙΗΕ

91 4639 339 4707 Pitoura
370 4638 551 4710 uouit.

17 4742 393 4771 ————-=--.
