3818 4904
300 370 360 450 196
674 376 772 429 LOCI
798 375 828 428 E
857 375 982 430 LIBRO
1018 376 1277 429 VERIYATUM.

302 717 376 772 tute
399 728 473 771 mea
496 708 566 772 vixi
590 709 789 790 patrimonio
820 729 895 772 meo
922 708 1098 792 temporali
1124 710 1196 772 sine
1222 709 1288 772 alio
1312 711 1411 773 victu.
1457 709 1503 772 Et
1528 710 1656 772 utinam

304 830 385 893 dum
413 832 557 893 viverem
586 830 694 892 solum
722 830 803 892 illud
833 830 991 894 haberem
1022 832 1068 892 sic
1098 830 1187 911 quod
1216 830 1397 893 remediata
1423 839 1511 893 esset
1537 850 1658 911 appro-

304 950 427 1032 priacio
451 950 661 1014 ecclesiarum
689 950 731 1013 ab
763 949 826 1013 illis
851 950 1042 1030 quiessent
1068 953 1135 1013 veri
1163 951 1265 1014 curati
1292 960 1326 1013 et
1354 949 1555 1013 immediati!
1602 949 1658 1014 Sic

305 1090 395 1152 papa
425 1070 606 1148 Romanus,
636 1071 697 1134 Xti
726 1071 874 1146 vicarius,
900 1070 995 1152 plura
1024 1069 1234 1152 compellitur
1262 1070 1347 1133 velle
1376 1091 1436 1152 pro
1472 1069 1588 1134 litteris
1624 1081 1658 1135 et

306 1190 476 1253 instanciis
504 1212 619 1273 regum
644 1200 677 1255 et
707 1192 1026 1272 dominorumque
1056 1190 1138 1253 alias
1168 1211 1234 1253 non
1264 1190 1373 1265 vellet,
1399 1192 1488 1253 unde
1515 1189 1659 1253 Sanctus

307 1310 496 1375 Bernardus
525 1313 572 1374 ait
603 1314 635 1374 in
667 1312 819 1394 Epistola
849 1313 892 1374 ad
922 1311 1037 1374 Adam
1069 1312 1277 1390 monachum,
1308 1311 1439 1376 ‘Credo
1467 1311 1658 1374 Romanum

306 1432 497 1514 pontificem
524 1433 604 1496 talia
631 1454 696 1496 non
721 1434 934 1510 consensisse,
960 1434 1020 1495 nisi
1048 1435 1236 1515 ignorancia
1266 1433 1452 1514 deceptum,
1478 1432 1531 1496 vel
1558 1434 1660 1496 nimia

306 1554 557 1636 importunitate
583 1554 768 1618 devictum!
815 1555 915 1618 Unde
944 1555 1054 1617 audivi
1082 1555 1172 1636 quod
1198 1575 1311 1635 nuper,
1335 1555 1368 1616 in
1391 1566 1541 1636 tempore
1563 1554 1659 1616 unius

304 1695 410 1757 papae,
431 1675 515 1739 insra
537 1696 659 1758 paucos
680 1697 786 1739 annos
814 1676 944 1752 mortui,
967 1676 1057 1756 quod
1080 1697 1177 1758 papa,
1203 1676 1311 1738 victus
1334 1675 1502 1738 instanciis
1528 1683 1562 1737 et
1585 1695 1659 1756 pre·

304 1795 398 1859 cibus
420 1797 662 1879 porrigencium
681 1797 789 1859 eidem
812 1795 1052 1878 postulationes
1072 1806 1105 1858 et
1123 1797 1250 1878 gracias
1271 1796 1500 1878 expectativas
1520 1795 1660 1876 scriptas

306 1915 339 1978 in
370 1916 504 1993 cedulis,
528 1918 623 1992 dixit,
649 1917 723 1979 ‘Ex
747 1937 813 1998 quo
839 1918 884 1980 sic
909 1917 1031 1999 petitis,
1059 1926 1092 1980 et
1119 1918 1167 1981 ita
1188 1918 1350 1980 instanter
1376 1938 1430 1981 me
1453 1918 1592 1994 vexatis,
1616 1917 1659 1979 ad

306 2035 488 2118 dyabolum
512 2037 570 2100 fiat
593 2048 630 2100 ut
652 2038 776 2120 petitur
788 2036 804 2115 ;'
830 2046 863 2100 et
889 2037 935 2100 sic
962 2057 1028 2100 una
1051 2036 1169 2101 cedula
1191 2038 1323 2119 signata
1351 2037 1413 2101 luit
1439 2058 1538 2100 manu
1562 2057 1659 2119 papae

304 2156 485 2232 scribentis,
509 2166 543 2220 et
570 2168 687 2240 postea
710 2158 878 2221 concessio
905 2157 960 2220 illa
983 2157 1045 2220 fuit
1071 2157 1207 2222 bullata.
1255 2157 1285 2222 O
1310 2158 1455 2221 Domine
1476 2159 1586 2223 Deust
1617 2159 1660 2221 da

306 2287 344 2341 ut
372 2276 432 2342 Xti
458 2278 605 2355 vicarius
629 2280 783 2342 dominus
811 2299 908 2361 papa,
936 2278 1026 2342 dicat
1052 2278 1242 2360 petentibus
1268 2279 1311 2341 ab
1342 2279 1415 2361 ipso
1438 2289 1475 2343 ut
1501 2280 1661 2342 concedat

306 2420 381 2481 quae
412 2401 459 2463 eis
488 2399 630 2481 placent,
662 2401 747 2463 sicut
777 2400 886 2463 Ysaac
922 2400 1009 2462 dixit
1039 2398 1153 2480 Jacob,
1189 2409 1312 2481 putans
1342 2421 1417 2463 eum
1448 2421 1520 2463 esse
1551 2399 1660 2462 Esau:

306 2520 480 2597 ‘Accede'
511 2520 625 2602 inquit,
650 2520 735 2598 ‘hic‚
766 2530 802 2584 ut
832 2530 967 2601 tangam
998 2530 1041 2597 te,
1072 2519 1117 2582 fili
1155 2521 1209 2593 mi,
1241 2529 1275 2583 et
1304 2521 1442 2603 probem
1473 2540 1517 2582 an
1547 2529 1583 2583 tu
1617 2521 1662 2583 sis

308 2639 394 2704 filius
422 2662 523 2717 meus,
545 2661 588 2703 an
615 2637 702 2702 non’
748 2640 913 2703 Dominus
944 2641 1032 2702 enim
1062 2660 1150 2721 papa
1176 2640 1340 2721 decipitur
1368 2660 1459 2721 saepe
1491 2659 1551 2722 per
1579 2639 1662 2702 false

307 2762 536 2824 informatores
564 2772 598 2824 et
624 2760 823 2835 adulatores,
848 2761 935 2824 carni
963 2770 996 2824 et
1022 2761 1174 2842 sanguini
1198 2760 1281 2823 salse
1305 2756 1483 2842 placentes,
1508 2770 1542 2823 et
1564 2769 1663 2843 putat

307 2902 381 2945 esse
408 2881 497 2944 Esau
525 2882 581 2963 qui
609 2891 660 2945 est
690 2880 806 2962 Jacob.
852 2882 952 2945 Putat
980 2902 1065 2958 eum,
1092 2902 1151 2963 pro
1178 2902 1245 2963 quo
1272 2881 1410 2944 licencia
1431 2882 1564 2964 petitur,
1591 2902 1663 2944 esse

306 3013 459 3067 sanctum
482 3002 598 3077 virum,
614 3003 748 3077 bonum,
771 3013 805 3067 et
827 3003 997 3076 scientem,
1013 3012 1047 3066 et
1071 3022 1136 3065 non
1156 3003 1248 3066 videt
1272 3002 1360 3065 mala
1382 3024 1458 3085 quae
1480 3011 1663 3083 sequuntur

307 3123 380 3186 aliis
406 3121 595 3185 hominibus
619 3143 678 3204 per
700 3124 947 3186 concessionem
977 3121 1100 3185 iactam
1125 3122 1184 3186 tali
1211 3122 1347 3186 homini.
1396 3123 1479 3186 Ideo
1509 3123 1663 3185 dominus

308 3265 397 3327 papa
422 3245 579 3307 scriberet
604 3245 647 3307 ad
677 3265 836 3326 personas
862 3264 945 3326 quas
971 3244 1062 3308 novit
1085 3265 1158 3307 esse
1185 3254 1331 3307 maturas
1357 3244 1426 3307 vita
1452 3253 1486 3306 et
1513 3243 1663 3321 sciencia,

309 3376 347 3429 ut
377 3366 448 3447 ipsi,
480 3365 593 3428 debite
617 3374 802 3446 quaerentes
832 3366 1005 3429 veritatem
1036 3364 1192 3443 materiae‚
1224 3385 1346 3447 papam
1379 3363 1594 3428 informarent
1620 3365 1664 3427 de

307 3486 447 3550 veritate
480 3486 637 3548 materiae.
693 3484 749 3549 Sic
782 3485 870 3547 enim
899 3485 977 3549 lecit
1007 3485 1125 3548 beatus
1156 3506 1243 3568 papa
1275 3485 1463 3568 Gregorius,
1497 3494 1535 3548 ut
1569 3492 1664 3565 patet

309 3607 431 3689 pluries
461 3609 494 3669 in
518 3606 666 3689 epistolis
688 3608 739 3669 sui
763 3607 917 3689 Registri.
968 3606 1013 3670 Et
1036 3616 1116 3671 tunc
1139 3607 1293 3670 dominus
1323 3627 1411 3688 papa
1434 3607 1581 3670 mitteret
1603 3625 1664 3687 pro

308 3748 450 3811 persona
475 3728 538 3791 sibi
564 3728 687 3811 ignota,
711 3749 770 3810 pro
795 3750 861 3810 qua
885 3728 1021 3792 licencia
1047 3729 1179 3810 petitur,
1203 3739 1240 3792 ut
1266 3727 1482 3810 personaliter
1509 3727 1552 3789 ad
1579 3747 1664 3808 prae·

309 3851 454 3913 senciam
488 3870 584 3932 papae
616 3851 765 3925 accedat,
795 3858 832 3913 ut
863 3849 983 3932 probet
1018 3871 1094 3912 eum
1125 3870 1168 3912 an
1202 3851 1245 3913 sit
1279 3848 1367 3912 filius
1395 3858 1494 3930 aptus
1523 3847 1593 3910 vita
1630 3857 1663 3911 et

308 3971 449 4036 sciencia
472 3971 516 4034 ad
539 3970 731 4034 habendum
759 3972 847 4053 quod
871 3971 965 4052 petit,
992 3981 1026 4035 et
1053 3981 1090 4034 ut
1116 3971 1235 4054 probet
1260 3971 1416 4034 dominus
1439 3989 1527 4052 papa
1551 3989 1594 4031 an
1619 3990 1663 4032 ex

309 4093 520 4156 concessione
546 4103 704 4175 sequatur
728 4092 853 4156 malum
877 4093 930 4156 vel
955 4101 1130 4174 peccatum
1156 4112 1214 4155 seu
1239 4091 1476 4155 detrimentum
1502 4089 1575 4152 aliis
1603 4088 1663 4152 ho·

310 4212 454 4276 minibus
485 4213 538 4277 vel
576 4214 722 4278 ecclesiis
759 4212 1001 4295 parochialibus
1030 4211 1083 4277 vel
1119 4233 1204 4276 curae
1236 4212 1441 4288 animarum3
1479 4211 1563 4275 sicut
1591 4209 1662 4292 jam
