3818 4904
326 401 385 479 146
697 407 795 462 LOCI
821 407 850 460 E
879 408 1003 463 LIBRO
1039 407 1295 462 VERITATUM.

323 643 399 686 eum
421 621 589 686 tradaml’
622 631 655 686 et
681 625 816 686 tradunt
847 623 973 686 animas
1000 622 1060 685 Xti
1090 622 1249 703 sanguine
1276 622 1465 702 redemptas
1494 620 1527 681 in
1558 638 1675 681 manus

322 743 484 826 luporum,
515 743 570 825 qui
608 762 686 806 oves
721 744 863 826 rapiunt,
894 753 928 807 et
962 744 1164 825 dispergunt,
1196 752 1230 806 et
1267 761 1333 804 non
1370 762 1425 804 eas
1460 741 1609 804 nutriunt
1641 741 1675 802 in

322 865 467 946 pasturis
497 862 575 945 Jesu
607 863 667 927 Xti
700 864 810 942 verb0,
840 872 956 927 sancto
994 864 1160 945 exemp10,
1189 864 1278 925 bono
1311 871 1344 925 et
1379 861 1516 924 auxilio
1574 856 1674 923 Heu!

322 984 409 1048 heu!
447 994 627 1065 posuerunt
659 983 843 1064 Jerusalem
880 984 914 1046 in
950 985 1134 1047 custodiam
1172 1004 1333 1047 caecorum
1369 991 1402 1045 et
1440 981 1604 1045 ebriorum
1642 988 1675 1042 et

324 1122 411 1168 curae
438 1123 503 1167 non
527 1105 725 1181 vacantium,
749 1115 782 1168 et
810 1104 992 1168 excludunt
1020 1125 1076 1168 eos
1102 1104 1157 1186 qui
1186 1104 1301 1181 sciunt,
1324 1112 1471 1184 possunt,
1495 1111 1532 1166 ut
1558 1110 1677 1183 optant

325 1225 431 1307 magis
464 1224 637 1288 animabus
673 1225 838 1305 prodesse.
890 1225 991 1288 Heul
1030 1224 1117 1306 quia,
1158 1235 1194 1288 ut
1232 1225 1316 1301 novi,
1346 1245 1430 1286 unus
1464 1222 1595 1304 juvenis
1625 1241 1676 1284 xx

324 1365 485 1408 annorum
511 1344 605 1426 quasi
629 1345 778 1426 quotidie
808 1345 925 1423 ebrius,
951 1344 1053 1409 habet
1079 1345 1125 1426 xij
1157 1344 1361 1427 praebendas‚
1391 1353 1425 1408 et
1450 1364 1553 1406 unum
1583 1362 1676 1423 mag-

324 1482 404 1528 num
423 1465 732 1544 archidiaconatum,
748 1477 781 1530 et
802 1477 915 1530 tamen
938 1487 1004 1529 non
1029 1466 1150 1529 residet
1173 1467 1206 1528 in
1229 1466 1342 1547 aliqua
1364 1485 1486 1542 earum,
1501 1484 1562 1527 nec
1585 1471 1677 1527 tenet

323 1585 516 1667 hospitium,
547 1587 606 1649 sed
636 1587 756 1650 transit
789 1587 830 1650 ad
863 1606 1057 1650 communas
1083 1607 1159 1650 cum
1189 1586 1262 1661 alio,
1294 1606 1354 1649 nec
1385 1585 1499 1668 recipit
1529 1584 1678 1648 redditus

325 1727 403 1769 suos
426 1726 486 1770 nec
510 1726 567 1768 eos
590 1706 761 1789 expendit,
777 1706 834 1769 sed
859 1727 944 1769 unus
967 1706 1069 1770 laicus
1092 1707 1203 1769 omnia
1225 1706 1280 1769 illa
1303 1705 1427 1787 recipit,
1449 1716 1483 1769 et
1506 1705 1678 1787 expendit,

325 1836 359 1891 et
389 1836 583 1907 compotum
614 1827 643 1889 ei
675 1847 844 1908 nunquam
876 1827 992 1903 reddit,
1016 1827 1094 1909 quia
1121 1848 1187 1889 non
1218 1836 1267 1889 est
1297 1847 1406 1908 capax
1435 1826 1592 1908 compoti,
1622 1824 1678 1906 qui

325 1946 382 2009 illa
405 1945 565 2008 beneficia
589 1947 708 2010 retinet
732 1948 866 2010 nomine
889 1958 922 2011 et
946 1968 1011 2010 non
1037 1968 1080 2011 re.

414 2075 451 2141 [p.
470 2075 538 2139 158]
573 2065 629 2129 Ex
648 2066 922 2148 multiplicatione
943 2068 1161 2145 licenciarum,
1177 2078 1210 2131 et
1234 2067 1351 2132 talium
1374 2070 1630 2143 concessionum,
1645 2075 1680 2130 et

323 2188 635 2269 appropriacionum
658 2187 869 2252 ecclesiarum
893 2188 1137 2271 parochialium,
1153 2199 1188 2252 et
1211 2189 1476 2271 exempcionum,
1493 2189 1608 2252 crescit
1630 2188 1680 2250 lu-

326 2329 419 2371 crum
440 2306 686 2371 curte'sanorum
702 2310 881 2371 astantium
897 2329 1003 2390 papae,
1020 2318 1053 2372 et
1073 2309 1212 2372 aliorum
1230 2309 1458 2373 officiariorum
1480 2320 1513 2373 et
1533 2309 1680 2372 Roman-

325 2449 441 2504 orum;
472 2438 514 2501 et,
539 2429 599 2491 nisi
627 2450 714 2510 papa
741 2429 822 2492 talia
848 2430 1010 2492 concedat
1034 2439 1068 2492 et
1097 2430 1218 2493 condat
1241 2430 1351 2511 qualia
1374 2430 1435 2511 ipsi
1459 2440 1578 2512 optant
1604 2448 1680 2492 eum

327 2549 516 2626 concedere,
539 2570 598 2631 pro
626 2569 741 2612 eorum
766 2549 856 2613 lucro
884 2551 1141 2632 augmentando
1163 2559 1311 2615 astantes
1335 2572 1430 2632 papae
1457 2552 1486 2613 ei
1513 2552 1682 2626 insultant,

328 2678 362 2733 et
389 2669 419 2732 ei
446 2669 596 2732 inimicos
627 2670 785 2747 excitant,
809 2680 842 2733 et
872 2670 914 2732 ad
943 2670 1014 2751 ejus
1047 2670 1291 2752 deposicionem
1317 2671 1369 2734 vel
1403 2671 1680 2735 intoxicacionem

328 2788 491 2853 laborant.
536 2789 633 2865 Item,
665 2788 755 2852 aliud
787 2799 836 2852 est
867 2791 957 2871 quod
988 2790 1086 2854 insert
1119 2812 1276 2873 magnum
1309 2793 1544 2856 detrimentum
1574 2813 1680 2877 papae,

328 2909 462 2985 scilicet,
486 2909 604 2973 electio
634 2931 693 2972 sua
723 2926 824 2992 quam
853 2910 932 2974 sacit
962 2911 1005 2973 de
1035 2912 1258 2990 cardinalium,
1286 2915 1341 2994 qui
1372 2906 1537 2995 e'hguntur
1562 2914 1605 2977 ab
1632 2935 1681 2988 e0,

328 3039 464 3113 propter
492 3032 696 3113 sanguinem,
718 3031 770 3094 vel
799 3032 877 3113 quia
907 3034 996 3113 quod
1028 3033 1146 3096 divites
1173 3043 1250 3096 sunt
1276 3035 1308 3096 in
1336 3036 1521 3109 mundanis,
1546 3046 1579 3099 et
1606 3045 1682 3118 post

328 3151 528 3216 eleccionem
545 3153 578 3214 in
599 3152 838 3217 cardinalatum
861 3153 1033 3217 licenciam
1050 3154 1184 3233 habent,
1199 3165 1236 3218 ut
1257 3157 1434 3220 retinerent
1450 3158 1575 3238 priores
1597 3158 1683 3240 epis·

329 3282 468 3355 copatus
499 3292 577 3335 suos
606 3272 639 3335 in
670 3274 914 3349 commendam,
946 3295 1012 3337 non
1042 3275 1197 3339 obstante
1229 3278 1318 3358 quod
1349 3277 1500 3340 solebant
1536 3279 1683 3361 episcopi

329 3393 425 3457 electi
456 3393 489 3454 in
514 3392 698 3456 cardinales
725 3392 898 3457 Romanos
920 3394 991 3476 ipso
1016 3395 1104 3459 sacto
1131 3398 1295 3478 resignare
1321 3398 1446 3480 priores
1473 3399 1684 3481 episcopatus

329 3535 416 3591 suos,
442 3524 476 3579 et
502 3515 656 3579 assistere
683 3535 779 3596 papae
808 3517 840 3577 in
868 3516 1076 3580 consulendis
1107 3526 1141 3580 et
1171 3519 1362 3582 ordinandis
1391 3528 1425 3583 et
1456 3519 1683 3584 reformandis.

331 3635 433 3700 Unde
452 3635 484 3699 in
503 3636 621 3699 diebus
643 3637 809 3699 modernis
828 3636 946 3700 diversi
967 3637 1098 3703 suerunt
1119 3640 1300 3703 cardinales
1318 3641 1351 3703 in
1366 3639 1500 3724 Anglia,
1517 3651 1551 3706 et
1566 3641 1685 3722 Gallia,

331 3767 364 3821 et
394 3758 427 3821 in
457 3757 530 3821 aliis
560 3758 757 3839 regionibus,
788 3759 844 3840 qui
876 3779 1045 3841 nunquam
1078 3760 1210 3825 suerunt
1240 3762 1369 3839 Romae,
1401 3783 1461 3827 nec
1491 3776 1566 3827 c'um
1596 3785 1685 3846 papa

330 3887 407 3961 post
433 3900 529 3942 suum
560 3879 808 3959 cardinalatum,
833 3890 882 3944 set
909 3897 1045 3963 semper
1065 3894 1254 3947 manserunt
1281 3884 1314 3946 in
1341 3885 1408 3947 suis
1434 3884 1574 3967 propriis
1600 3886 1684 3970 regi·

330 4000 456 4078 onibus,
480 4009 636 4064 vacantes
663 4002 730 4064 suis
759 4000 938 4065 honoribus
967 4003 1081 4084 pocius
1109 4024 1210 4085 quam
1240 4004 1306 4067 suis
1337 4005 1431 4082 curis,
1455 4016 1490 4070 et
1519 4026 1594 4070 cum
1620 4005 1685 4071 hoc

333 4119 535 4184 retinuerunt
561 4121 686 4204 priores
715 4142 793 4185 suos
823 4123 1032 4204 episcopatus
1064 4125 1096 4186 in
1122 4126 1363 4199 commendam,
1388 4147 1472 4208 quos
1500 4126 1686 4192 habuerunt

332 4250 411 4304 ante
437 4241 676 4307 cardinalatum
701 4263 806 4321 suu-m,
835 4253 868 4307 et
898 4254 970 4307 tum
1001 4261 1170 4328 nunquam
1196 4247 1350 4311 viderunt
1379 4262 1501 4329 papam
1525 4249 1685 4330 quamdin
