3818 4904
309 424 350 490 30
686 414 787 471 LOCI
813 415 842 468 E
870 414 995 470 LIBRO
1032 414 1289 472 VERITATCM.

310 631 433 693 abbate
464 627 594 710 juravit,
624 629 707 692 sicut
743 630 833 692 Deus
863 630 956 692 illum
989 629 1162 713 adjuvaret
1191 639 1226 693 et
1251 629 1355 693 sancti
1390 627 1452 692 Dei
1484 629 1665 713 evangelia.

310 751 398 814 Tum
434 771 492 833 per
522 750 652 833 aliquos
682 759 716 813 et
753 770 876 831 paucos
907 751 1032 815 amicos
1063 749 1240 833 Reginaldi
1271 750 1461 816 intimatum
1497 750 1558 814 suit
1596 751 1664 833 regi

310 871 447 954 Angliae
475 872 566 954 quod
597 871 763 952 predictus
795 872 1010 954 Reginaldus,
1040 882 1118 937 tunc
1149 892 1213 934 non
1244 873 1418 953 episcopus
1449 892 1509 936 nec
1539 872 1656 936 doctor

311 1014 372 1076 pro
404 1003 483 1057 tunc
519 994 551 1055 in
589 992 733 1074 teologia
768 993 828 1056 fuit
862 1013 928 1056 non
966 1014 1048 1065 reus,
1079 995 1138 1057 sed
1175 994 1309 1056 omnino
1345 993 1507 1070 immunis,
1538 1002 1571 1057 et
1602 993 1664 1056 iste

312 1115 527 1197 Reginaldus,
551 1114 606 1195 qui
628 1114 751 1196 absque
772 1113 877 1178 forma
896 1114 1006 1196 aliqua
1024 1114 1137 1179 debita
1160 1114 1192 1177 in
1215 1113 1350 1178 Oxonia
1373 1112 1416 1178 ad
1440 1113 1664 1196 incipiendum

312 1238 346 1299 in
377 1257 470 1300 sacra
499 1234 666 1316 theologia
696 1233 802 1298 factus
832 1246 884 1300 est
909 1237 1033 1314 doctor,
1061 1236 1183 1299 ibidem
1217 1256 1275 1317 per
1303 1236 1448 1317 graciam
1479 1255 1544 1298 non
1578 1235 1665 1299 rexit

311 1367 388 1442 post
422 1357 631 1420 doctoratum
668 1376 728 1420 nec
763 1357 907 1438 aliquem
937 1366 1050 1420 actum
1079 1357 1289 1421 scolasticum
1327 1357 1449 1420 ibidem
1480 1355 1557 1420 iecit
1589 1365 1665 1439 post

311 1480 530 1555 doctoratum,
557 1478 615 1540 sed
643 1477 753 1559 plures
779 1477 880 1540 libros
905 1477 1111 1561 Anglicanos
1136 1499 1196 1560 per
1219 1479 1335 1560 viginti
1362 1498 1465 1541 annos
1496 1477 1601 1540 edidit
1631 1486 1666 1541 et

310 1601 449 1682 scripsit,
481 1608 515 1662 et
548 1609 664 1663 notum
695 1607 744 1662 est
776 1598 926 1681 pluribus
959 1600 1047 1681 quod
1078 1599 1213 1663 eosdem
1248 1598 1441 1663 cancellavit
1472 1619 1571 1662 manu
1605 1619 1667 1662 sua

311 1723 449 1804 propria,
475 1731 511 1784 ut
540 1720 641 1782 falsos
671 1717 780 1798 libros,
808 1729 842 1783 et
871 1728 988 1802 postea
1014 1720 1094 1802 jam,
1121 1728 1157 1784 ut
1188 1721 1308 1784 dicitur
1336 1741 1357 1784 a
1387 1721 1530 1795 diversis,
1554 1719 1666 1803 plures

311 1842 417 1906 edidit
447 1851 481 1904 et
515 1840 645 1923 scripsit
680 1840 781 1903 libros
814 1841 847 1903 in
881 1840 1027 1924 Anglico
1058 1841 1188 1925 pejores
1225 1843 1395 1926 prioribus,
1430 1843 1518 1908 unde
1550 1852 1666 1907 contra

311 1965 411 2028 libros
435 1985 513 2026 suos
538 1962 752 2045 Anglicanos,
779 1963 806 2025 si
832 1963 909 2026 mali
933 1964 1051 2045 reperti
1077 1963 1203 2043 fuerint,
1228 1984 1303 2028 cum
1326 1963 1476 2029 venerint
1497 1963 1531 2026 in
1557 1963 1665 2027 lucem

310 2097 344 2150 et
375 2087 407 2148 in
438 2085 604 2162 noticiam,
635 2085 727 2147 Deus
756 2083 892 2166 inspiret
922 2086 1021 2148 corda
1050 2085 1234 2163 doctorum,
1263 2096 1297 2149 et
1328 2095 1442 2149 contra
1471 2084 1665 2167 praedictam

310 2207 555 2272 conclusionem
580 2206 731 2288 primam,
757 2207 848 2287 quod
876 2206 1030 2288 episcopi,
1057 2229 1097 2269 eo
1123 2207 1213 2288 quod
1239 2207 1394 2289 episcopi,
1418 2226 1484 2268 non
1511 2214 1666 2270 tenentur

309 2328 442 2412 publice
467 2328 647 2410 praedicare
670 2348 730 2390 suo
757 2327 881 2409 populo
907 2349 965 2390 seu
992 2328 1115 2391 diocesi
1145 2327 1292 2412 arguitur
1317 2329 1373 2392 sic.
1430 2329 1521 2392 Inter
1549 2346 1665 2390 omnes

310 2461 405 2515 actus
426 2472 511 2534 quos
534 2450 698 2514 Dominus
720 2448 878 2532 praecepit
901 2448 945 2511 ab
967 2450 1125 2530 apostolis
1148 2449 1218 2513 fore
1244 2449 1448 2513 exercendos
1470 2448 1665 2532 praedicacio

310 2573 372 2637 suit
387 2573 564 2655 praecipua,
580 2593 620 2635 eo
636 2572 726 2654 quod
743 2592 787 2633 ex
803 2581 878 2634 actu
899 2570 957 2634 illo
978 2571 1125 2633 maxima
1144 2570 1233 2634 bona
1248 2570 1432 2634 animarum
1448 2577 1666 2652 pervenerunt

311 2704 345 2759 et
369 2695 432 2758 hoc
457 2695 490 2756 in
513 2693 601 2757 brevi
626 2702 786 2774 tempore.
843 2692 933 2756 Nam
960 2712 1025 2756 una
1050 2692 1105 2756 die
1129 2700 1163 2776 3⁸
1185 2693 1276 2756 milia
1298 2702 1332 2756 et
1354 2692 1419 2755 alia
1441 2692 1495 2755 die
1519 2692 1665 2774 quinque

312 2816 402 2879 milia
435 2815 608 2878 hominum
642 2834 700 2895 per
733 2813 1005 2896 praedicacionem
1041 2814 1131 2877 verbi
1171 2814 1230 2878 Xti
1268 2814 1414 2878 conversi
1453 2813 1585 2879 suerunt
1621 2815 1665 2878 ad

310 2935 427 3014 Xtum,
451 2944 487 2998 ut
511 2944 605 3018 patet
623 2934 772 2999 Actuum
798 2934 847 3016 iij0
872 2944 906 2999 et
930 2935 991 3017 iiij0
1016 2935 1178 3018 capitulis.

397 3066 434 3132 [p.
460 3065 529 3132 349]
584 3056 671 3120 Item
701 3056 887 3120 ostenditur
916 3055 963 3118 sic
993 3055 1083 3137 quod
1115 3040 1260 3137 episcopi
1290 3064 1447 3121 tenentur
1475 3056 1664 3139 praedicare.

311 3176 468 3259 Episcopi
498 3177 578 3241 olim
604 3177 735 3241 luerunt
762 3178 865 3241 curati
890 3177 1082 3255 immediati,
1106 3177 1191 3241 sicut
1211 3176 1281 3259 jam
1304 3186 1381 3242 sunt
1404 3186 1547 3242 rectores
1569 3199 1665 3260 paro·

310 3299 432 3364 chiales
458 3308 491 3363 et
517 3299 637 3377 vicarii,
660 3298 741 3362 olim
767 3300 856 3362 enim
882 3319 947 3361 una
976 3297 1114 3361 ecclesia
1140 3317 1197 3360 seu
1224 3318 1289 3361 una
1312 3298 1390 3362 villa
1415 3298 1532 3362 habuit
1563 3319 1665 3362 unum

310 3423 502 3504 episcopum
521 3441 617 3483 suum
636 3430 796 3484 rectorem
819 3429 853 3483 et
867 3440 979 3483 secum
996 3429 1225 3501 cooperatores
1245 3420 1452 3502 presbiteros,
1468 3421 1524 3502 qui
1544 3421 1573 3483 ei
1593 3421 1664 3485 dati

309 3551 404 3606 erant
435 3543 468 3604 in
497 3539 669 3618 auxilium,
699 3550 736 3604 ut
761 3541 864 3604 levius
890 3560 973 3603 onus
999 3550 1155 3622 portaret,
1181 3548 1215 3605 et
1241 3549 1278 3604 ut
1302 3561 1377 3604 cum
1403 3563 1443 3605 eo
1468 3551 1665 3623 coagerent;

310 3682 377 3725 non
400 3670 513 3725 autem
536 3670 714 3724 excusatur
737 3663 919 3744 episcopus,
943 3683 982 3725 eo
1009 3662 1098 3744 quod
1129 3663 1403 3744 superintendens
1430 3671 1481 3726 est
1504 3683 1599 3741 curae,
1621 3664 1666 3728 ab

308 3793 385 3847 actu
409 3781 567 3846 inferioris
590 3784 693 3846 curati
716 3784 911 3847 necessitate
934 3793 1079 3865 urgente,
1096 3783 1174 3866 quia
1197 3793 1374 3867 utrumque
1396 3792 1507 3848 actum
1529 3785 1666 3850 diversis

308 3905 435 3969 vicibus
459 3914 492 3968 et
517 3904 722 3987 interpolatis
745 3906 871 3969 vicibus
896 3915 1006 3988 potest
1032 3905 1198 3987 perficere.

397 4034 434 4101 [p.
466 4034 535 4101 352]
595 4025 670 4109 Ego
703 4027 801 4115 enim,
836 4026 954 4090 doctor
989 4025 1138 4090 Thomas
1175 4037 1208 4091 et
1247 4025 1470 4091 Cancellarius
1511 4028 1664 4108 Oxoniae,

309 4166 427 4228 regens
449 4147 573 4210 ibidem
601 4168 659 4230 per
683 4148 730 4211 xii
754 4167 859 4212 annos
886 4147 918 4210 in
945 4168 1038 4211 sacra
1060 4147 1236 4230 theologia,
1260 4150 1341 4213 dum
1364 4150 1479 4214 vixero
1506 4150 1664 4233 plangere

309 4275 390 4350 opto
411 4288 520 4332 coram
538 4268 623 4346 Deo,
640 4289 680 4333 eo
700 4269 789 4352 quod
809 4288 853 4332 ex
869 4267 994 4351 judicio
1015 4290 1090 4333 meo
1111 4269 1233 4334 debitae
1248 4270 1477 4353 praedicacioni
1492 4271 1584 4335 verbi
1600 4271 1664 4336 Dei
