3818 4904
283 387 346 433 200
661 374 759 428 LOCI
786 374 815 427 E
844 372 968 426 LIBRO
1003 374 1263 429 VERITATUM.

186 608 189 613 ·
282 591 470 655 Innocencii
505 612 600 673 papae
631 588 744 670 juveni
776 587 953 651 Frederico
983 590 1095 669 nepoti
1129 589 1277 669 ejusdem
1311 590 1499 653 Innocencii
1530 612 1638 673 papae.

282 711 368 775 Haec
395 713 500 794 reperi
524 712 557 773 in
586 709 727 773 Cronica
755 708 973 785 Eveshamiae‚
1000 729 1064 789 ego
1090 710 1247 791 magister
1269 709 1419 773 Thomas
1442 709 1638 793 Gascoigne‚

280 832 445 914 Anglicus
476 833 623 909 nacione,
655 830 875 894 Eboracensis
911 830 1060 906 diocesis,
1093 830 1211 894 doctor
1243 851 1344 894 sacrae
1375 831 1569 915 Theologiae
1605 843 1640 896 et

281 953 495 1018 cancellarius
519 952 721 1017 Oxoniensis
744 950 975 1013 universitatis.

373 1083 411 1150 [p.
434 1082 503 1149 561]
546 1082 673 1135 Rector
695 1082 729 1135 et
752 1078 951 1146 Episcopus.
996 1071 1113 1152 Nuper
1140 1080 1255 1134 notum
1280 1082 1330 1136 est
1357 1075 1527 1154 quomodo
1550 1074 1640 1136 bona

281 1215 357 1276 quae
390 1204 500 1257 essent
538 1194 737 1275 patrimonia
771 1192 831 1255 Xti
861 1190 941 1272 Jesu
977 1200 1054 1254 sunt
1090 1200 1246 1268 vastata;
1285 1213 1370 1254 unus
1404 1194 1491 1255 enim
1529 1193 1639 1270 homn,

267 1314 379 1401 ‚valde
416 1313 580 1390 inhabilis,
617 1313 734 1377 habuit
775 1313 973 1375 decanatum
1013 1310 1158 1374 ecclesiae
1195 1311 1393 1375 cathedralis
1431 1314 1465 1375 in
1502 1312 1638 1397 Anglia‚

282 1434 458 1498 Wellensis
481 1435 637 1510 ecclesiae,
662 1453 854 1496 concessum
879 1432 941 1495 sibi
967 1452 1026 1513 per
1048 1432 1268 1513 provisionem
1293 1453 1400 1514 papae,
1424 1445 1458 1497 et
1484 1454 1543 1496 rex
1565 1434 1639 1497 An·

282 1555 368 1636 gliae,
393 1555 558 1619 Henricus
576 1554 711 1628 Sextus,
734 1554 827 1617 dedit
850 1553 878 1615 ei
900 1552 1070 1616 licenciam
1092 1553 1134 1615 ad
1155 1554 1396 1635 acceptandum
1419 1555 1639 1636 provisionem

283 1676 344 1738 sibi
377 1696 566 1740 concessam
598 1695 658 1756 per
687 1693 809 1756 papam
842 1672 1054 1754 Eugenium3
1093 1682 1126 1735 et
1156 1682 1227 1736 tum
1261 1694 1336 1736 cum
1369 1694 1468 1737 manu
1498 1674 1575 1738 sorti
1606 1676 1639 1737 in

283 1797 401 1858 eadem
433 1795 614 1859 cathedrali
639 1795 667 1857 ei
701 1794 890 1857 restiterunt
920 1814 961 1855 ne
992 1793 1127 1856 intraret
1158 1794 1191 1855 in
1214 1792 1396 1869 ecclesiam,
1426 1795 1574 1858 dicentes
1603 1816 1640 1858 se

283 1926 317 1979 et
347 1916 530 1998 capitulum
561 1915 646 1977 illius
677 1914 824 1977 ecclcsiae
853 1913 974 1975 habere
1006 1911 1174 1976 licenciam
1205 1933 1301 1995 papae
1335 1914 1479 1977 Romani
1510 1924 1547 1978 ut
1582 1916 1639 1978 eli·

282 2047 398 2117 gerent
422 2036 483 2098 sibi
509 2036 587 2117 ipsis
611 2037 795 2112 decanum3
823 2044 856 2096 et
880 2033 925 2096 sic
951 2032 1005 2096 ille
1033 2034 1182 2114 provisus
1205 2035 1238 2096 in
1257 2034 1420 2097 decanum
1435 2034 1637 2099 Wellensem

284 2178 342 2239 per
368 2177 490 2239 papam
521 2157 709 2238 Eugenium
741 2157 921 2238 impeditus
951 2154 1020 2231 fuit,
1052 2164 1085 2217 et
1117 2176 1182 2217 non
1212 2156 1377 2218 admissus
1407 2156 1440 2217 in
1467 2156 1638 2220 ecclesiam

284 2277 385 2355 illam,
411 2299 469 2340 seu
501 2278 720 2354 decanatum;
750 2287 784 2339 et
811 2287 889 2339 tunc
920 2275 1065 2356 optinuit
1091 2275 1200 2337 bullas
1225 2296 1322 2357 papae
1351 2285 1385 2339 et
1411 2278 1639 2339 excommuni-

285 2398 371 2461 cavit
393 2418 510 2461 omnes
532 2398 588 2480 qui
612 2399 775 2461 decanum
795 2395 896 2458 alium
920 2406 998 2459 tunc
1019 2395 1191 2476 eligerunt,
1210 2405 1243 2459 et
1264 2395 1321 2478 qui
1344 2396 1452 2478 ipsum
1471 2397 1638 2478 provisum

284 2539 305 2581 a
331 2519 539 2601 possessione
565 2518 746 2581 decanatus
765 2516 943 2579 Wellensis
970 2516 1221 2598 impediverunt,
1246 2526 1280 2579 et
1306 2517 1386 2598 ipsis
1412 2519 1640 2580 excommuni-

283 2641 365 2703 catis
388 2651 422 2703 et
446 2640 609 2703 stantibus
633 2640 694 2700 sub
717 2637 1018 2719 provocacionibus
1042 2658 1101 2718 per
1124 2636 1244 2700 multas
1269 2637 1427 2719 pecunias
1453 2638 1550 2702 datas
1574 2639 1637 2702 illis

285 2761 342 2841 qui
368 2759 498 2823 luerunt
528 2761 613 2822 circa
639 2780 758 2841 regern,
785 2760 873 2822 idern
900 2758 1062 2833 inhabilis,
1087 2758 1236 2840 provisus
1260 2759 1294 2821 in
1319 2759 1514 2840 praedictum
1541 2762 1638 2823 deca·

285 2891 400 2944 natum
432 2890 465 2943 et
495 2880 636 2962 rejectus
670 2901 729 2962 per
765 2880 957 2963 capitulum,
981 2878 1087 2943 sactus
1125 2878 1185 2942 suit
1216 2880 1389 2961 episcopus
1421 2879 1638 2956 Menevensis‚

287 3000 401 3064 Sancti
425 3001 544 3078 David,
566 3002 598 3062 in
616 3001 747 3078 Wallia‚
770 3001 1001 3064 consenciente
1025 3020 1122 3082 papa,
1146 3010 1179 3062 et
1204 3020 1281 3081 rege
1308 3020 1368 3082 pro
1390 3000 1452 3063 hoc
1475 3000 1639 3066 scribente

286 3142 382 3204 papae
414 3130 447 3184 ct
474 3123 721 3198 consenciente3
754 3132 788 3186 et
819 3142 902 3184 unus
929 3121 1104 3203 episcopus
1135 3121 1250 3197 malus,
1277 3130 1310 3184 et
1337 3120 1392 3184 alii
1422 3121 1575 3202 graduati
1605 3122 1639 3185 in

284 3242 382 3307 scolis
414 3242 558 3305 Oxoniae
592 3245 625 3304 in
655 3243 757 3306 domo
789 3243 882 3323 regis
913 3241 980 3323 regi
1019 3242 1185 3319 dixerunt,
1217 3242 1323 3323 ‘quod
1354 3241 1470 3304 melius
1508 3242 1572 3306 luit
1605 3252 1640 3307 et

284 3363 460 3426 virtuosius
488 3362 589 3426 talem
617 3363 783 3444 provisum
811 3364 843 3425 in
870 3364 1034 3426 decanum
1062 3362 1170 3426 lacere
1196 3364 1397 3445 episcopum,
1423 3383 1525 3444 quam
1551 3364 1638 3447 opti·

287 3504 377 3545 mum
397 3484 503 3546 virum
525 3492 558 3546 et
583 3484 729 3545 maxime
751 3483 968 3547 scientificum
987 3483 1131 3565 Angliae‚
1153 3484 1231 3566 quia
1254 3505 1299 3547 ex
1319 3482 1393 3562 illo:
1413 3495 1450 3550 ut
1472 3485 1639 3562 dixerunt,

287 3609 494 3686 ‘sequeretur
520 3603 594 3666 finis
624 3603 690 3667 litis
721 3603 805 3667 inter
839 3604 1034 3686 praedictum
1064 3604 1232 3687 provisum
1255 3613 1356 3686 atque
1381 3604 1467 3668 inter
1496 3604 1638 3668 electum

286 3726 448 3789 decanum
463 3722 482 3788 :’
522 3735 555 3787 et
590 3725 636 3788 sic
673 3725 820 3788 lecerunt
853 3746 974 3807 magna
1004 3724 1093 3788 mala
1123 3735 1160 3789 ut
1191 3725 1298 3789 minus
1330 3725 1453 3788 malum
1490 3726 1639 3804 evitetur,

285 3865 330 3909 sc.
367 3846 490 3909 malum
525 3846 697 3908 discordiae
730 3847 814 3909 inter
846 3846 920 3909 illos
954 3847 1022 3909 duo
1058 3847 1212 3911 decanos.
1258 3847 1354 3922 Item,
1387 3847 1419 3908 in
1453 3845 1518 3910 hoc
1550 3846 1639 3910 sacto

285 3966 428 4047 graviter
458 3976 492 4029 et
523 3966 705 4031 mortaliter
735 3977 954 4049 peccaverunt
985 3968 1062 4048 quia
1092 3977 1330 4032 consenserunt
1360 3967 1538 4031 inhabilem
1570 3967 1638 4031 fieri

286 4087 485 4169 episcopum.

374 4208 469 4286 ltem,
484 4209 631 4272 fecerunt
656 4229 776 4290 magna
799 4209 886 4272 mala
908 4220 945 4274 ut
964 4211 1071 4272 minus
1096 4209 1220 4273 malum
1244 4210 1393 4287 evitetur,
1411 4229 1532 4292 magna
1551 4208 1639 4274 mala
