3818 4904
671 440 770 498 roci
796 439 824 495 E
854 441 977 497 rinno
1012 441 1270 499 vsnrrrrnrr.
1584 428 1646 518 205'

299 653 531 737 Margaretam,
547 653 649 718 filiam
668 656 827 719 minorem
851 658 943 721 ducis
961 658 1135 740 Loringiae,
1151 658 1206 741 qui
1229 657 1409 721 vocabatur
1429 679 1487 720 rex
1505 657 1647 734 Ceciliae,

296 775 355 838 sed
386 774 484 839 nichil
514 776 592 838 inde
620 774 745 851 habuit,
776 777 935 859 expulsus
968 778 1046 841 inde
1075 799 1134 860 per
1169 798 1279 860 regern
1311 777 1436 841 malum
1465 778 1647 861 Aragoniae

296 895 500 975 Alsonsum3
530 918 597 979 quo
626 898 837 962 matrimonio
870 907 1049 975 contracto,
1080 899 1150 981 ipse
1183 898 1254 961 dux
1292 899 1426 962 recessit
1463 899 1582 963 iterum
1614 900 1648 963 in

257 1041 260 1050 ·
296 1017 466 1101 Angliam‚
495 1028 529 1082 et
555 1018 693 1100 pecunia
717 1039 839 1100 magna
862 1018 1116 1101 quintadecima:
1147 1029 1180 1084 et
1205 1020 1344 1084 decimae
1374 1022 1408 1084 in
1429 1020 1554 1103 Anglia
1581 1021 1648 1085 col-

297 1139 391 1218 lecta,
416 1140 534 1203 iterum
560 1139 593 1201 in
620 1139 794 1202 Franciam
820 1139 979 1221 equitavit
1003 1150 1037 1205 et
1061 1141 1236 1222 navigavit,
1262 1140 1305 1202 ad
1335 1140 1523 1204 ducendum
1556 1142 1647 1207 illam

298 1261 521 1343 Margaretam
549 1260 581 1322 in
609 1258 778 1342 Angliam,
804 1270 841 1323 ut
868 1271 955 1341 esset
979 1280 1063 1323 uxor
1088 1261 1173 1342 regis
1200 1269 1233 1324 et
1263 1261 1386 1342 regina,
1408 1262 1467 1325 sed
1497 1272 1647 1345 ternpore

297 1381 492 1445 intermedio
534 1381 747 1462 Francigenae
787 1390 1013 1446 arestaverunt
1050 1402 1124 1445 earn
1165 1381 1320 1459 dicentes,
1357 1382 1452 1447 ‘Ista
1488 1383 1560 1465 jam
1596 1393 1647 1448 est

297 1503 409 1585 regina
430 1501 564 1584 Angliae
587 1511 620 1565 et
643 1511 689 1578 tu,
713 1500 784 1564 dux
812 1500 1044 1578 Sowthfolciae,
1072 1523 1138 1565 non
1164 1500 1268 1565 habes
1292 1501 1420 1565 salvum
1444 1505 1647 1568 conductum

297 1623 382 1705 regis
409 1623 511 1687 nostri
539 1621 685 1686 Franciae
712 1641 772 1704 pro
799 1643 846 1699 ea,
874 1622 949 1685 ideo
979 1633 1015 1686 tu
1044 1643 1110 1685 non
1136 1622 1273 1686 habebis
1299 1624 1431 1686 camin
1455 1621 1647 1707 Angliam3’

297 1754 331 1808 et
354 1745 425 1808 dux
451 1744 630 1826 praedictus
655 1741 727 1806 haec
749 1742 960 1806 considerans
986 1752 1019 1806 et
1049 1743 1160 1824 qualia
1185 1742 1248 1805 sibi
1278 1743 1339 1823 ipsi
1369 1743 1444 1806 duci
1474 1743 1591 1809 fierent
1613 1746 1647 1808 in

295 1863 429 1946 Anglia,
452 1865 478 1926 si
502 1865 572 1946 ipse
594 1863 686 1928 illam
711 1864 744 1925 in
760 1862 920 1944 Angliam
944 1883 1010 1926 non
1033 1863 1176 1938 duceret,
1195 1863 1339 1944 optinuit
1361 1884 1381 1926 a
1403 1883 1480 1946 rege
1500 1864 1645 1948 Angliae,

298 1985 444 2049 Henrico
467 1983 583 2062 Sexto,
604 1983 866 2048 Cenomanniam
889 1994 923 2048 et
943 1983 1169 2065 Andigaviam
1191 1983 1262 2046 dari
1285 1984 1318 2045 in
1340 1993 1537 2066 perpetuum
1560 1987 1646 2067 patri

296 2105 383 2168 illius
407 2105 537 2188 reginae,
559 2106 635 2168 duci
659 2105 833 2187 Loringiae,
857 2103 949 2186 cujus
976 2124 1097 2168 nornen
1119 2103 1180 2167 fuit
1203 2114 1374 2186 regnator;
1397 2105 1497 2170 etsie
1523 2105 1647 2170 factum

294 2227 368 2290 fuit.
409 2227 456 2289 Et
473 2227 587 2290 statim
608 2236 725 2308 postea
743 2246 804 2288 rex
819 2225 962 2307 Angliae,
979 2225 1145 2289 Henricus
1161 2223 1296 2297 Sextus,
1318 2227 1460 2308 perdidit
1481 2228 1648 2292 Norman-

294 2348 384 2411 niam
415 2357 450 2411 et
481 2347 663 2425 Franciam‚
691 2367 802 2429 quam,
824 2346 894 2409 sine
920 2344 1009 2409 bello
1037 2356 1071 2410 et
1101 2346 1177 2422 ictu,
1201 2346 1404 2427 Franciginae
1435 2348 1647 2430 optinuerunt

294 2488 315 2530 a
347 2468 499 2530 manibus
532 2487 710 2550 paucorum
740 2466 929 2548 Anglorum
967 2466 1011 2529 ibi
1042 2466 1282 2543 existencium3
1319 2476 1352 2529 et
1383 2467 1496 2531 statim
1529 2478 1647 2550 postea

295 2588 439 2670 perdidit
471 2610 530 2652 rex
551 2588 640 2651 idem
663 2586 798 2670 Angliae
820 2586 1040 2660 Vasconiam3
1075 2597 1109 2650 et
1136 2607 1238 2669 regno
1261 2586 1406 2669 Angliae‚
1429 2589 1646 2654 occisionibus

295 2710 522 2792 episcoporum
550 2721 583 2773 et
609 2709 828 2786 dominorum,
849 2718 928 2771 tunc
955 2708 1096 2770 multum
1119 2708 1319 2789 perturbat0,
1342 2709 1454 2789 regina
1478 2709 1534 2772 illa
1556 2710 1646 2775 Mar-

294 2840 417 2913 gareta,
441 2851 516 2896 curn
542 2853 608 2914 qua
632 2851 691 2894 nec
713 2829 859 2893 valorem
883 2850 907 2890 x
931 2848 1114 2893 marcarum
1139 2849 1275 2910 regnum
1298 2831 1429 2910 recepit,
1452 2831 1546 2913 plura
1568 2832 1647 2897 fecit

294 2952 327 3013 in
358 2972 459 3033 regno
489 2951 633 3033 Angliae‚
666 2961 702 3015 ut
732 2951 883 3028 creditur,
916 2960 1093 3032 postquam
1124 2950 1261 3013 maritus
1295 2971 1381 3028 suus,
1413 2973 1473 3015 rex
1502 2951 1645 3035 Angliae,

295 3072 409 3136 incidit
429 3073 462 3135 in
484 3072 691 3136 manifestam
710 3071 911 3149 stulticiam3
931 3079 964 3134 et
979 3071 1090 3152 qualia
1108 3081 1286 3154 sequentur
1307 3094 1351 3135 ex
1370 3074 1491 3154 reginae
1507 3076 1645 3152 actibus,

294 3212 381 3257 anno
404 3194 540 3256 Domini
563 3206 654 3276 1457,
678 3192 771 3256 Deus
793 3192 865 3256 scit.

381 3323 504 3389 [12591]
551 3313 720 3378 Haraldus
741 3313 783 3376 de
805 3316 905 3377 armis
928 3314 1013 3395 regis
1030 3314 1176 3377 Franciae
1193 3313 1318 3391 Karoli,
1334 3315 1368 3377 in
1388 3325 1538 3399 tempore
1559 3319 1646 3400 regis

296 3435 432 3498 Henrici
449 3434 556 3510 Sexti,
570 3434 700 3517 juravit,
715 3454 775 3518 per
790 3434 900 3497 Deum
917 3444 950 3497 et
973 3455 1031 3517 per
1051 3435 1159 3516 ipsum
1176 3435 1338 3498 Karolum
1358 3457 1470 3519 regem
1488 3438 1645 3514 Franciae,

292 3557 455 3638 armigero
471 3554 606 3638 Angliae
627 3555 669 3619 de
690 3553 912 3619 Somersethir
930 3566 1049 3619 vocato
1065 3553 1153 3619 Sanc
1170 3555 1267 3632 Barb,
1282 3557 1372 3638 quod
1395 3557 1465 3639 ipse
1491 3557 1646 3623 haraldus

292 3697 460 3741 armorum
487 3676 612 3741 audivit
639 3694 751 3757 regem
778 3674 927 3739 Franciae
953 3676 1118 3740 dicentem
1146 3677 1235 3758 quod
1262 3695 1322 3739 rex
1348 3676 1483 3760 Angliae
1508 3680 1646 3761 praedic-

293 3809 357 3879 tus,
384 3820 460 3863 curn
490 3818 651 3863 consensu
682 3798 885 3861 diversorum
911 3798 1121 3862 dominorum
1151 3799 1194 3861 de
1223 3796 1359 3861 consilio
1385 3799 1533 3880 ejusdem
1560 3803 1646 3884 regis

293 3921 440 4005 Angliae‚
463 3921 556 3984 dedit
575 3930 608 3984 et
627 3919 790 3984 concessit
813 3919 881 4002 regi
905 3928 939 3982 et
962 3940 1092 3984 coronae
1115 3919 1263 3983 Francia.
1286 3939 1401 3983 omnes
1424 3929 1527 3984 terras
1549 3933 1646 3988 extra

292 4042 454 4125 Angliam
478 4062 561 4124 quas
587 4040 760 4105 idem'rex
783 4039 917 4122 Angliae
941 4038 1065 4118 habuit,
1088 4062 1146 4104 seu
1170 4061 1206 4103 se
1232 4039 1386 4104 habuisse
1409 4043 1646 4124 praetendebat,

292 4165 444 4247 exceptis
467 4164 570 4227 tribus
597 4162 686 4240 locis,
708 4183 753 4226 sc.
774 4161 863 4226 Villa
885 4163 929 4226 de
955 4161 1057 4244 Calys
1084 4172 1117 4226 et
1140 4162 1274 4226 castello
1299 4163 1431 4245 Hamys
1454 4174 1488 4228 et
1509 4166 1646 4231 castello

294 4285 405 4369 Kynis
420 4284 520 4368 juxta
537 4283 704 4363 Calisiam,
721 4293 754 4348 et
769 4283 840 4348 haec
856 4304 927 4348 esse
943 4305 1019 4348 vera
1034 4283 1157 4367 juravit
1172 4303 1231 4366 per
1250 4284 1361 4348 Deum
1381 4284 1469 4349 idem
1490 4286 1647 4353 haraldus
