3818 4904
297 401 358 444 110
674 390 772 444 LOCI
799 389 828 440 E
856 389 980 442 LIBRO
1016 388 1275 442 VERITATUM.

297 626 362 668 una
388 626 462 669 cum
488 606 609 669 devota
635 606 788 668 oracione
817 606 860 668 ad
888 604 990 667 talem
1017 606 1161 685 graciam
1193 613 1227 668 et
1257 604 1395 685 gloriam
1420 613 1589 678 vocantur,
1617 613 1651 667 et

294 728 338 790 ad
364 726 451 790 bene
481 726 685 807 operandum
712 725 909 801 excitantur,
936 735 971 789 et
1000 745 1059 807 per
1088 724 1172 788 tales
1201 734 1294 788 actus
1320 725 1415 807 plura
1439 726 1527 788 bona
1558 724 1650 798 fiunt,

296 857 329 910 et
356 847 450 929 plura
477 847 564 909 mala
586 867 661 928 quae
684 845 904 910 verisimiliter
926 845 1042 909 fierent
1065 865 1131 907 non
1155 844 1257 923 fiunt;
1291 854 1325 908 et
1345 865 1404 927 per
1426 844 1511 909 tales
1533 865 1652 928 appro-

296 967 478 1049 priaciones
501 966 711 1030 ecclesiarum
735 977 876 1030 rectores
898 965 978 1028 boni
1001 964 1211 1029 retrahuntur
1233 986 1254 1028 a
1276 986 1352 1029 cura
1377 967 1570 1040 animarum,
1593 985 1653 1048 per

296 1108 437 1170 quorum
465 1088 647 1152 carenciam
675 1097 709 1152 et
732 1088 899 1151 desectum
923 1085 1018 1168 plura
1041 1086 1129 1149 mala
1155 1085 1246 1161 fiunt,
1271 1096 1304 1150 et
1326 1086 1420 1168 plura
1442 1087 1531 1150 bona
1553 1087 1651 1150 omit·

296 1218 418 1283 tuntur‚
449 1229 525 1290 quae
554 1208 643 1272 bona
675 1208 792 1272 fierent
822 1228 882 1290 per
911 1207 1126 1289 praesenciam
1156 1207 1235 1270 boni
1265 1208 1415 1289 pastoris,
1443 1209 1527 1271 sicut
1557 1207 1652 1290 plura

295 1329 384 1392 bona
402 1328 624 1410 sequebantur
646 1329 679 1390 in
702 1328 882 1411 praesencia
897 1328 976 1390 boni
997 1328 1139 1409 pastoris
1162 1327 1360 1391 sanctissimi
1382 1327 1525 1409 apostoli
1548 1328 1651 1402 Pauli,

296 1451 430 1532 quando
446 1449 507 1513 fuit
527 1449 616 1531 apud
634 1448 803 1528 Galathas,
818 1469 958 1531 quorum
974 1449 1138 1513 contraria
1153 1449 1265 1511 omnia
1281 1448 1505 1530 sequebantur
1525 1449 1558 1512 in
1580 1449 1651 1531 ejus

296 1570 459 1646 absencia,
487 1571 621 1652 quando
643 1569 763 1633 absens
794 1579 864 1632 erat
887 1590 908 1632 a
938 1567 1097 1644 Galathis
1123 1569 1335 1652 praedicando
1357 1568 1430 1632 aliis
1453 1569 1650 1652 regionibus

296 1691 431 1754 orientis
455 1701 488 1754 et
512 1691 701 1768 occidentis,
717 1700 754 1754 ut
777 1699 921 1754 testatur
944 1699 1077 1753 sanctus
1097 1690 1213 1753 doctor
1233 1689 1431 1770 Jeronimus,
1447 1699 1480 1753 et
1499 1691 1652 1753 dominus

295 1809 437 1875 Lincoln
467 1811 501 1873 in
526 1810 782 1874 Commentariis
813 1811 880 1873 suis
910 1830 1009 1892 super
1032 1808 1219 1889 Epistolam
1243 1809 1359 1874 Sancti
1385 1810 1479 1873 Pauli
1509 1809 1652 1892 apostoli

295 1932 338 1995 ad
371 1931 543 1995 Galathas.
598 1931 711 1995 Bonus
740 1932 829 1994 enim
860 1940 976 2008 rector,
1005 1929 1107 1993 verbo
1136 1950 1197 1992 suo
1228 1938 1262 1993 et
1295 1929 1452 2012 exemplo
1482 1940 1516 1994 et
1546 1932 1651 1994 eciam

295 2050 390 2116 factis
412 2053 489 2128 suiS,
516 2052 733 2133 parochianos
757 2051 948 2115 informaret
971 2051 1140 2132 quomodo
1163 2070 1198 2112 se
1224 2051 1267 2113 ad
1292 2051 1402 2114 Deum
1424 2050 1593 2124 haberent,
1618 2061 1652 2115 et

296 2172 465 2254 quomodo
494 2173 652 2249 viverent,
682 2181 715 2234 et
745 2173 914 2253 quomodo
945 2180 1077 2234 orarent
1108 2191 1168 2253 pro
1199 2191 1235 2234 se
1266 2180 1299 2234 et
1329 2192 1389 2253 pro
1419 2173 1499 2248 aliis,
1524 2181 1559 2236 et
1589 2173 1652 2235 ista

295 2292 364 2356 fieri
386 2314 407 2356 a
428 2292 635 2374 parochianis
657 2313 717 2374 pro
740 2293 856 2374 seipsis
878 2293 1003 2356 orando
1026 2300 1060 2354 et
1083 2292 1168 2354 bene
1185 2292 1327 2354 vivendo
1350 2294 1523 2374 prodesset
1546 2293 1651 2374 magis

294 2412 503 2496 parochianis
529 2434 629 2495 quam
652 2412 734 2476 alios
757 2434 850 2477 orare
873 2434 933 2495 pro
956 2413 1011 2490 eis,
1038 2413 1116 2495 quia
1139 2423 1219 2477 tunc
1241 2424 1374 2478 orarent
1396 2435 1436 2477 eo
1459 2415 1561 2478 modo
1585 2434 1651 2495 quo

295 2543 451 2599 tenentur
466 2554 566 2610 orare,
582 2542 616 2597 et
635 2533 692 2597 iilo
716 2535 816 2597 modo
836 2533 984 2597 viverent
1000 2554 1066 2614 quo
1088 2543 1242 2597 tenentur
1258 2534 1375 2612 vivere,
1392 2535 1487 2598 etsie
1509 2535 1650 2598 multum

295 2657 437 2720 fructum
459 2654 538 2717 boni
561 2655 670 2736 operis
693 2655 725 2716 in
747 2675 783 2717 se
805 2664 838 2718 et
862 2656 894 2717 in
914 2655 987 2717 aliis
1009 2654 1200 2737 parochiani
1223 2655 1389 2719 afferunt-
1408 2656 1476 2720 Ubi
1496 2654 1576 2737 jam,
1592 2676 1652 2738 per

296 2778 449 2840 miseram
484 2775 799 2858 appropriacionem,
830 2783 1001 2838 remanent
1031 2775 1117 2839 sicut
1152 2776 1279 2839 steriles
1309 2776 1451 2850 arbores,
1483 2777 1569 2858 quia,
1592 2797 1652 2860 per

295 2895 601 2978 appropriacionem
625 2895 844 2972 ecclesiarum,
870 2895 1063 2959 auferuntur
1084 2896 1127 2958 ab
1151 2897 1277 2960 eisdem
1299 2896 1507 2980 parochianis
1530 2898 1650 2960 maturi

295 3027 330 3082 et
355 3017 496 3080 scientes
522 3024 674 3094 rectores,
700 3017 756 3097 qui
782 3017 956 3099 vigilarent
980 3037 1079 3098 super
1105 3037 1240 3100 gregem
1264 3039 1371 3093 suum,
1396 3027 1430 3082 et
1455 3019 1502 3083 sic
1528 3020 1649 3081 animae

295 3146 434 3220 pereunt
455 3136 670 3219 plurimorum
691 3157 750 3218 per
769 3136 935 3200 desectum
956 3137 1059 3201 talem
1080 3148 1114 3202 et
1135 3140 1318 3203 carenciam
1338 3148 1526 3203 curatorum
1545 3140 1650 3203 bono·

294 3277 377 3322 rum.
423 3256 454 3322 Ο
478 3256 589 3321 Deus!
617 3256 765 3321 illumina
786 3258 899 3322 oculos
923 3258 1105 3337 hominum,
1126 3270 1163 3324 ut
1189 3261 1333 3338 videant,
1354 3261 1523 3342 quomodo
1550 3280 1650 3324 causa

294 3399 403 3444 causae
427 3387 478 3442 est
506 3397 606 3441 causa
631 3378 780 3441 omnium
806 3400 881 3461 quae
908 3389 1089 3460 sequuntur
1116 3402 1159 3443 ex
1186 3380 1243 3445 illa
1269 3402 1376 3458 causa,
1401 3391 1434 3445 et
1464 3382 1650 3463 specialiter

293 3519 371 3564 cum
398 3500 444 3563 ad
476 3518 542 3561 non
572 3497 619 3561 sic
655 3497 842 3561 faciendum
872 3499 975 3562 homo
1004 3510 1136 3564 tenetur
1171 3511 1205 3566 et
1236 3501 1410 3585 obligatur,
1441 3503 1529 3565 unde
1564 3503 1650 3567 sicut

295 3620 392 3684 radix
408 3617 496 3682 mala
512 3627 563 3682 est
578 3618 794 3701 plurimorum
811 3619 986 3682 malorum.
1032 3620 1089 3685 Sic
1104 3631 1198 3685 actus
1213 3624 1290 3686 talis
1306 3623 1413 3685 malus
1428 3622 1539 3704 plures
1555 3633 1649 3687 actus

294 3741 400 3805 malos
422 3749 544 3817 causat,
560 3749 593 3802 et
616 3740 700 3814 ideo,
717 3740 796 3803 ‘Vae
817 3740 881 3804 illit
905 3762 963 3823 per
984 3761 1083 3823 quem
1104 3744 1297 3807 scandalum
1313 3740 1421 3821 venit,’
1444 3744 1463 3806 i.
1477 3764 1504 3806 e.
1527 3763 1577 3806 vae
1601 3742 1648 3806 illi

294 3861 484 3943 peccatori!
522 3879 582 3942 per
611 3861 704 3941 cujus
726 3871 838 3923 actum
863 3861 986 3925 malum
1009 3862 1062 3925 vel
1084 3864 1222 3927 verbum
1245 3865 1375 3927 occasio
1401 3864 1530 3946 peccati
1557 3865 1649 3929 venit

294 3982 499 4057 scandalum,
522 3982 542 4044 i.
555 4003 583 4045 e.
601 3983 730 4045 occasio
750 3983 878 4064 peccati
901 3981 1075 4065 perillum
1098 3985 1196 4061 venit,
1213 3987 1269 4067 qui
1294 3986 1418 4048 malum
1442 3985 1523 4048 illud
1546 3984 1648 4064 facit3

294 4104 385 4186 quod
416 4113 527 4167 movet
556 4103 639 4167 alios
672 4103 716 4165 ad
747 4102 833 4167 male
866 4102 1071 4186 loquendum
1103 4106 1156 4169 vel
1185 4107 1229 4169 ad
1265 4105 1352 4170 male
1381 4106 1579 4183 faciendum,
1610 4115 1648 4170 ut

295 4231 437 4289 testatur
458 4223 602 4289 Sanctus
617 4224 806 4305 Jeronimus
829 4245 928 4307 super
950 4226 1147 4306 Mattheum,
1169 4229 1257 4291 unde
1281 4234 1348 4291 ‘vae
1372 4227 1435 4292 illit
1464 4246 1646 4310 perquem
