3818 4904
619 424 717 479 Locl
742 425 772 477 E
800 424 925 479 alano
960 424 1219 478 verrinarum.
1535 410 1593 476 147

241 635 404 702 vixerunt.
450 637 525 701 Tali
549 639 604 720 qui
631 638 759 702 exaltat
783 638 817 701 in
841 637 981 703 ecclesia
1008 660 1074 703 non
1099 639 1298 703 exaltandos
1319 633 1473 697 dicuntur
1494 622 1595 688 verba

241 754 388 833 Domini,
406 758 527 823 Ezech.
546 775 584 822 21
602 780 609 822 :
635 760 706 822 ‘Tu
721 760 892 842 prophane
908 772 942 825 et
957 761 1059 844 impie
1074 762 1155 836 dux,
1171 779 1273 842 auges
1287 753 1434 829 cidarim,
1449 742 1522 813 etc.’

330 875 421 940 Olim
442 878 530 941 enim
551 880 657 943 sancti
678 898 774 961 papae
795 880 946 944 videntes
968 880 1167 944 monasteria
1187 879 1296 942 vivere
1318 874 1417 945 laute,
1433 877 1467 932 et
1489 865 1595 930 multo

241 994 337 1076 plura
367 996 456 1060 bona
481 996 604 1061 habere
634 1017 735 1079 quam
760 998 873 1062 usibus
903 1020 1017 1062 eorum
1047 999 1230 1064 necessaria
1259 1002 1360 1067 erant,
1386 991 1595 1054 retraxerunt

241 1116 285 1179 ab
311 1118 357 1179 eis
383 1116 477 1198 plura
505 1117 601 1193 bona,
628 1138 702 1199 quae
731 1139 797 1181 non
824 1131 918 1184 erant
943 1120 989 1183 eis
1015 1119 1207 1196 necessaria,
1229 1117 1287 1180 sed
1314 1111 1428 1196 pocius
1452 1127 1508 1171 eos
1534 1105 1595 1167 im·

241 1236 423 1320 pediebant
449 1237 657 1301 solicitudine
684 1238 793 1316 nimia,
818 1248 851 1303 et
880 1240 955 1303 ideo
978 1240 1083 1304 sancti
1106 1260 1204 1322 papae
1230 1236 1393 1302 dederunt
1416 1229 1472 1293 illa
1496 1226 1593 1299 bona,

241 1358 354 1420 usibus
382 1378 495 1420 eorum
520 1378 586 1420 non
613 1358 806 1434 necessaria,
829 1360 903 1422 aliis
928 1360 1006 1423 viris
1031 1361 1136 1437 bonis,
1159 1346 1318 1424 doctrinae
1346 1362 1380 1418 et
1407 1346 1595 1414 necessitati

240 1476 413 1541 hominum
443 1478 658 1542 vacantibus:
694 1479 848 1542 dominus
880 1480 969 1544 enim
997 1501 1086 1563 papa
1118 1480 1325 1561 dispensator
1353 1482 1404 1536 est
1431 1470 1595 1534 bonorum

240 1618 315 1680 quae
338 1599 591 1663 committuntur
613 1598 767 1678 ecclesiae,
783 1600 872 1664 unde
895 1621 934 1664 ea
954 1602 987 1663 in
1007 1601 1081 1664 illos
1101 1621 1178 1664 usus
1200 1606 1311 1682 potest
1330 1612 1419 1678 papa
1439 1587 1594 1660 conferre,

240 1727 275 1782 et
299 1717 363 1781 illis
387 1716 577 1782 hominibus
603 1720 660 1801 qui
687 1720 804 1783 melius
830 1730 978 1802 possunt,
1000 1720 1116 1799 sciunt,
1143 1730 1177 1785 et
1198 1718 1316 1783 volunt
1336 1716 1425 1778 bona
1448 1707 1595 1772 ecclesiae

239 1838 284 1901 ad
315 1838 448 1902 laudem
475 1838 540 1902 Dei
564 1849 598 1903 et
624 1839 666 1902 ad
697 1840 883 1904 animarum
912 1840 1054 1906 salutem
1078 1842 1195 1906 melius
1221 1838 1433 1921 expendere;
1466 1841 1500 1896 et
1522 1829 1595 1892 haec

239 1958 395 2022 alienatio
419 1960 583 2023 bonorum
610 1981 630 2024 a
658 1960 754 2024 certis
779 1962 856 2024 viris
889 1971 923 2026 et
952 1962 1086 2027 collatio
1115 1962 1296 2026 eorundem
1327 1958 1492 2022 bonorum
1522 1949 1594 2014 aliis

239 2078 439 2158 hominibus,
461 2089 599 2145 vocatur
624 2082 823 2144 commenda
845 2082 1007 2146 bonorum
1030 2083 1186 2158 ecclesiae,
1213 2102 1270 2145 seu
1293 2077 1425 2143 collatio
1448 2075 1481 2138 in
1504 2090 1595 2136 com·

240 2200 419 2279 mendam3
450 2210 484 2264 et
510 2201 557 2265 sic
582 2201 734 2265 dominus
758 2223 846 2284 papa
870 2202 1027 2268 alienavit
1053 2204 1237 2268 dominium
1261 2202 1304 2265 de
1329 2191 1526 2277 Bemalwyk
1551 2191 1594 2255 ab

239 2321 398 2385 abbathia
417 2322 460 2384 de
477 2320 674 2402 Kyrkestall
695 2332 729 2386 et
749 2322 863 2387 abbati
882 2323 1031 2407 ejusdem
1053 2322 1223 2390 licenciam
1245 2316 1411 2386 alienandi
1433 2310 1582 2380 contulit.

326 2450 453 2518 [p.159·]
498 2442 659 2525 Religiosi
684 2444 772 2506 enim
799 2443 909 2525 plures
939 2445 972 2508 in
999 2466 1059 2508 sua
1081 2443 1278 2508 fundacione
1303 2440 1385 2504 citra
1410 2454 1511 2519 opera
1534 2451 1595 2495 sua

239 2562 423 2644 spiritualia
449 2562 646 2626 laborabant
672 2563 739 2626 suis
766 2565 928 2640 manibus,
956 2574 991 2629 et
1021 2565 1148 2630 exilio
1174 2565 1287 2628 labore
1313 2560 1476 2633 vixerunt,
1500 2561 1534 2616 et
1559 2552 1593 2613 in

239 2704 300 2747 sua
333 2682 541 2759 fundacione,
578 2693 611 2747 et
642 2705 762 2766 parvos
796 2685 945 2751 redditus
979 2696 1013 2750 et
1042 2706 1165 2770 paucos
1194 2703 1291 2768 agros
1324 2680 1517 2750 habuerunt,
1550 2692 1594 2736 ex

239 2804 358 2887 quibus
381 2803 537 2868 vixerunt
560 2825 725 2868 unacum
750 2807 883 2889 proprio
906 2806 1019 2872 labore
1046 2828 1215 2872 manuum.
1268 2803 1356 2868 Novi
1380 2799 1468 2864 enim
1490 2813 1594 2858 unum

239 2926 358 3003 locum,
381 2926 439 3008 qui
467 2946 511 2989 ex
535 2947 595 2990 sua
622 2925 820 2992 fundacione
847 2928 1033 2994 habuerunt
1055 2941 1159 2994 terras
1188 2938 1222 2993 et
1251 2947 1348 3010 agros
1377 2922 1421 2987 ad
1447 2918 1594 2984 valorem

239 3047 416 3130 sexaginta
443 3046 609 3125 librarum,
636 3057 670 3112 et
697 3048 781 3113 infra
806 3070 930 3131 paucos
960 3071 1065 3114 annos
1092 3050 1239 3134 pecuniis
1265 3053 1417 3113 emerunt
1445 3038 1595 3106 redditus

239 3169 330 3232 mille
354 3189 558 3247 marcarum3
586 3170 750 3235 dabantur
776 3172 863 3234 enim
886 3172 933 3235 eis
955 3173 1044 3236 bona
1069 3181 1107 3236 ut
1133 3193 1193 3235 sua
1217 3167 1399 3235 necessaria
1421 3164 1593 3233 habentes,

240 3291 370 3354 residua
396 3291 469 3354 aliis
496 3291 766 3369 ministrarentur,
795 3303 828 3357 et
854 3293 1020 3376 praecipue
1050 3293 1173 3358 sanctis
1203 3290 1402 3376 pauperibus
1431 3284 1488 3368 qui
1518 3284 1594 3346 doc·

238 3413 334 3477 trinae
358 3421 392 3476 et
415 3422 539 3477 sanctae
561 3413 638 3476 vitae
661 3422 695 3477 et
717 3424 898 3496 augmento
924 3414 1070 3480 scientiae
1091 3424 1221 3480 vacant.
1267 3410 1484 3477 Conferentes
1504 3402 1594 3466 enim

238 3533 327 3597 bona
358 3532 518 3615 religiosis
548 3542 581 3597 et
611 3533 758 3616 collegiis
791 3544 825 3599 et
854 3535 1016 3614 cantariis,
1046 3557 1112 3599 non
1143 3543 1281 3618 possunt
1318 3527 1478 3613 impedire
1513 3523 1593 3607 quin

238 3653 360 3718 collata
385 3675 522 3736 percos
544 3654 610 3718 sint
631 3653 665 3718 in
686 3655 907 3738 disposicione
929 3677 1036 3739 papae,
1053 3666 1087 3721 et
1109 3658 1199 3739 quod
1222 3654 1352 3718 subsint
1371 3653 1442 3735 ejus
1456 3653 1591 3736 judici0,

238 3776 295 3858 qui
320 3777 409 3858 quod
430 3775 557 3857 justum
583 3776 715 3840 videtur
739 3797 850 3841 coram
875 3778 950 3842 Deo
974 3777 1122 3862 judicare
1148 3779 1257 3853 debet,
1282 3785 1316 3841 et
1338 3776 1395 3839 illa
1417 3777 1505 3841 bona
1526 3778 1593 3841 dis·

237 3917 362 3981 ponere
384 3906 421 3961 ut
450 3899 575 3961 bonum
602 3898 733 3962 videtur
763 3901 795 3962 in
823 3898 948 3981 judicio
978 3921 1038 3964 suo
1067 3921 1178 3965 coram
1206 3900 1292 3963 Deo.
1347 3899 1464 3981 Nuper
1493 3899 1591 3976 enim,

238 4038 322 4082 unus
344 4019 433 4101 prior
455 4019 634 4101 religiosus
656 4020 783 4084 habens
807 4022 862 4103 xvj
888 4021 1042 4086 ecclesias
1065 4023 1138 4087 loco
1158 4043 1218 4086 suo
1241 4020 1478 4104 appropriataS,
1500 4020 1592 4085 dedit

238 4148 273 4204 et
303 4141 465 4204 concessit
496 4161 651 4224 magnam
682 4144 876 4225 pensionem
911 4144 1088 4208 annualem
1120 4144 1251 4209 cuidam
1283 4141 1418 4223 legistae,
1444 4141 1501 4224 qui
1532 4163 1592 4205 ex·

238 4262 369 4343 equitur
400 4262 558 4327 mandata
591 4264 735 4347 episcopi
767 4265 798 4327 in
833 4284 955 4346 magno
992 4266 1099 4332 officio
1132 4266 1231 4330 curiae
1262 4263 1527 4344 Christianitatis,
1557 4277 1592 4332 et

889 4383 949 4433 Ua
