3818 4904
283 414 325 479 26
660 427 758 482 Locr
783 427 813 481 Ε
842 425 966 479 urano
1001 422 1260 477 vanrrnrurr.

282 640 415 723 penitus
427 642 516 707 mala
532 643 592 708 luit
609 643 802 708 reformacio
818 643 980 706 malorum
990 661 1066 724 quae
1082 660 1126 702 ex
1139 637 1197 702 tali
1213 636 1399 720 provisione
1414 638 1639 718 sequebantur

283 760 317 824 in
341 761 406 825 isto
430 763 518 827 lacto
542 765 677 828 evidens
704 765 774 842 suit,
800 765 877 846 quia
907 782 967 844 pro
997 780 1099 842 parvo
1130 758 1219 821 malo
1250 757 1414 836 evitaud0,
1444 777 1491 854 sc3
1514 756 1572 821 lite
1602 768 1639 822 et

282 881 417 945 accione
438 884 524 947 inter
544 885 626 949 istos
646 886 730 949 duos
751 895 932 966 praetensos
951 882 1095 944 decanos
1110 879 1235 943 lactum
1256 888 1306 942 est
1322 898 1480 960 magnum
1502 878 1639 955 malum,

282 1019 328 1065 sc.
344 1021 451 1066 caecus
472 1005 645 1087 episcopus
664 1005 836 1069 ordinatus
857 1012 916 1079 est,
932 1001 988 1083 qui
1009 1019 1136 1064 caecum
1156 997 1317 1080 populum
1337 999 1437 1061 ducet
1453 999 1486 1060 in
1506 997 1636 1061 foveam

282 1119 390 1203 culpae
410 1131 444 1186 et
465 1143 583 1205 poeuae,
599 1125 677 1207 quia
698 1123 910 1188 manifestum
931 1120 993 1184 luit
1014 1119 1102 1201 quod
1122 1138 1228 1182 caecus
1249 1116 1310 1181 luit
1327 1117 1396 1181 vita
1416 1127 1450 1181 et
1473 1118 1505 1179 in
1529 1118 1638 1199 ignor·'

282 1240 387 1318 ancia,
417 1252 451 1307 et
478 1243 511 1305 in
537 1244 626 1307 curia
652 1243 827 1326 temporali
852 1243 885 1304 in
916 1241 982 1304 suis
1013 1238 1139 1302 deliciis
1165 1258 1295 1301 vacans.
1347 1237 1409 1300 Vae
1436 1238 1482 1300 eis
1508 1238 1564 1320 qui
1591 1239 1638 1302 ita

284 1359 527 1428 inconsiderate
544 1346 717 1429 conserunt
740 1363 893 1428 ecclesias
916 1371 950 1426 et
969 1359 1076 1424 officia
1099 1358 1158 1423 tali
1179 1357 1357 1422 conferenti
1379 1358 1513 1439 indigne
1536 1359 1638 1422 eccle-

283 1480 368 1544 siam
384 1502 441 1545 seu
457 1484 604 1566 regimen
620 1484 753 1567 populi!

371 1610 405 1678 [p
428 1612 499 1678 343]
544 1605 631 1668 Novi
659 1607 747 1669 enim
774 1624 878 1685 nuper
902 1602 935 1665 in
962 1599 1089 1682 Anglia
1115 1599 1267 1662 homines
1289 1599 1433 1680 pessime
1457 1608 1638 1681 promotos,

283 1721 341 1803 qui
371 1722 557 1789 habuerunt
586 1725 757 1789 licenciam
787 1745 808 1788 a
838 1744 915 1806 rege
947 1721 1094 1785 Henrico
1124 1730 1222 1785 sexto
1256 1728 1293 1783 ut
1324 1719 1513 1784 laborarent
1542 1741 1640 1803 papae

285 1839 442 1906 Romano
472 1864 532 1926 pro
561 1846 755 1927 provisione,
781 1854 816 1908 et
842 1842 932 1926 quod
957 1841 1048 1904 illam
1075 1849 1296 1922 acceptarent,
1320 1851 1354 1904 et
1381 1840 1427 1903 sic
1450 1861 1509 1923 per
1530 1840 1640 1921 provi-

283 1962 412 2026 sionem
445 1962 567 2028 lactam
599 1965 718 2028 Romae
751 1965 784 2028 in
813 1965 931 2028 diebus
961 1952 1044 2025 meis
1075 1960 1153 2024 lacti
1185 1970 1263 2025 sunt
1292 1960 1403 2043 plures
1430 1962 1575 2044 episcopi
1606 1969 1640 2025 et

283 2082 424 2146 abbates
449 2092 483 2148 et
510 2085 626 2148 decani
652 2084 723 2149 sine
750 2085 912 2149 eleccione
938 2101 1140 2165 quacunque,
1165 2090 1307 2162 excepta
1336 2080 1501 2146 eleccione
1530 2101 1639 2164 papae,

284 2221 360 2284 quae
383 2213 520 2268 vocatur
541 2204 694 2288 provisio.

372 2322 476 2388 Anno
498 2325 635 2389 Domini
658 2325 817 2390 incarnati
841 2322 1015 2388 millesimo
1035 2323 1362 2407 quadringentesimo
1384 2323 1642 2406 quadragesimo

284 2443 344 2527 vij⁰
374 2446 564 2526 praedicavit
598 2446 783 2510 Londoniae
816 2446 859 2510 ad
898 2465 1028 2509 crucem
1066 2443 1262 2508 sanctissimi
1301 2443 1394 2507 Pauli
1434 2444 1640 2527 Reginaldus

285 2563 404 2641 Pecok,
435 2565 595 2630 Wallicus
631 2568 765 2651 origine,
796 2576 830 2630 et
863 2567 1037 2648 episcopus
1065 2563 1265 2628 Assavensis
1302 2566 1335 2628 in
1365 2564 1494 2643 wallia,
1524 2574 1641 2648 postea

286 2681 493 2750 Cicistrensis
517 2687 699 2770 episcopus,
716 2687 772 2770 qui
795 2706 854 2769 per
877 2685 1059 2750 Henricum
1082 2694 1225 2761 sextum,
1243 2705 1355 2767 regern
1377 2694 1456 2750 tunc
1473 2686 1640 2768 juvenem,

285 2803 447 2870 instancia
469 2807 611 2871 duorum
633 2808 775 2872 virorum
801 2808 906 2872 sactus
934 2816 985 2871 est
1011 2806 1135 2869 ibidem
1162 2805 1343 2888 episcopus,
1366 2808 1516 2890 quamvis
1542 2818 1641 2872 antea

284 2924 329 2988 ab
350 2925 475 2990 eisdem
497 2927 638 2992 multum
659 2928 770 2993 oditus
790 2928 851 2991 luit
868 2937 901 2992 et
916 2928 1090 2991 haereticus
1109 2937 1280 3010 reputatus
1295 2948 1315 2991 a
1331 2927 1453 2992 multis.
1501 2927 1642 3010 Scripsit

285 3045 375 3109 enim
399 3047 553 3111 continue
575 3049 669 3131 quasi
693 3069 752 3132 per
772 3049 889 3131 viginti
911 3069 1017 3112 annos
1039 3047 1123 3112 tales
1144 3048 1301 3112 materias
1327 3049 1360 3112 in
1386 3049 1498 3132 lingua
1520 3048 1642 3132 Angli-

284 3185 369 3230 cana
398 3186 443 3229 ex
469 3168 596 3250 quibus,
623 3177 659 3233 ut
686 3169 836 3248 creditur,
862 3168 1006 3251 pessima
1036 3168 1124 3233 mala
1153 3169 1310 3247 oriuntur,
1334 3180 1368 3234 et
1393 3170 1643 3234 occasionaliter

285 3286 452 3366 orientur3
476 3289 533 3371 qui
554 3290 671 3354 doctor
689 3290 750 3353 suit
771 3290 804 3353 in
827 3289 962 3354 Oxonia
982 3311 1041 3374 per
1059 3290 1204 3372 graciam
1224 3290 1413 3355 absurdam.
1457 3291 1641 3374 Nunquam

285 3406 374 3470 enirn
408 3409 578 3491 respondit
607 3409 703 3474 alicui
735 3411 861 3475 doctori
900 3431 960 3494 pro
997 3411 1102 3474 forma
1139 3432 1208 3486 sua,
1239 3421 1277 3475 ut
1309 3421 1395 3476 esset
1425 3412 1550 3492 doctor,
1581 3433 1642 3476 nec

284 3527 433 3611 aliquem
462 3538 573 3594 actum
600 3530 634 3593 in
664 3530 761 3595 scolis
790 3531 868 3596 lecit
898 3533 931 3595 in
963 3531 1106 3608 Oxonia‚
1131 3541 1310 3615 postquam
1338 3532 1460 3616 incepit
1486 3534 1520 3596 in
1545 3533 1641 3598 theo-

286 3647 384 3733 logia.
428 3648 486 3713 An
516 3660 633 3733 postea
662 3651 760 3717 faciet
790 3652 933 3735 nescitur
964 3673 984 3716 a
1015 3653 1119 3718 nobis.
1167 3654 1229 3718 Per
1257 3675 1374 3719 omnes
1403 3675 1507 3719 annos
1536 3677 1557 3719 a
1587 3656 1643 3719 die

287 3767 486 3853 incepcionis
508 3792 577 3835 suae
604 3773 637 3836 in
665 3772 799 3837 Oxonia
823 3774 991 3857 usquead
1015 3774 1104 3838 diem
1130 3776 1302 3858 praesentis
1323 3776 1493 3859 scripturae
1515 3775 1641 3839 nullum

286 3899 397 3954 actum
421 3889 498 3956 lecit
519 3891 740 3969 scolasticum,
765 3914 825 3958 nec
848 3893 998 3977 legendo,
1022 3915 1082 3959 nec
1104 3897 1325 3978 praedicando,
1347 3918 1409 3961 nec
1431 3897 1643 3980 disputando,

287 4029 349 4074 nec
372 4011 633 4078 determinando.
678 4014 748 4078 Iste
770 4013 976 4097 Reginaldus
998 4017 1173 4099 episcopus
1194 4018 1380 4113 praedictus,
1399 4019 1583 4102 praedicans
1604 4027 1644 4082 ut

287 4130 458 4212 praesertur
478 4134 521 4196 ad
540 4154 669 4199 crucem
692 4133 805 4200 Sancti
824 4134 926 4215 Pauli,
942 4136 1117 4202 affirmavit
1137 4147 1171 4201 et
1188 4139 1326 4202 asseruit
1347 4139 1379 4202 in
1401 4161 1461 4203 suo
1480 4159 1643 4215 sermone,
1745 4222 1749 4233 1

287 4258 322 4314 et
343 4272 403 4334 per
424 4253 615 4318 indenturas
637 4255 670 4319 in
695 4253 884 4339 Anglicana
905 4257 1066 4341 scriptura
1088 4258 1226 4343 scriptas
1248 4260 1385 4325 tradidit
1411 4259 1548 4325 diversis
1569 4280 1644 4343 per-
