3818 4904
278 391 339 460 150
654 383 752 438 LOCI
776 383 806 435 E
834 381 956 435 LIBRO
992 378 1249 433 VERITATUM.

279 595 404 660 meliori
437 593 556 671 Saule,’
583 605 619 658 ut
649 605 742 678 patet
773 596 822 658 ΡΟ.
854 595 997 676 Regum,
1030 607 1069 675 15
1100 592 1255 674 capitulo.
1302 590 1357 655 Sic
1389 589 1449 654 Xti
1476 588 1627 663 vicarius,

276 717 430 781 dominus
452 737 549 799 papa,
571 716 628 798 qui
650 724 700 779 est
722 716 931 797 dispensator
953 725 987 778 et
1015 715 1164 776 minister
1188 713 1350 776 bonorum
1378 709 1524 774 ecclesiae
1551 730 1627 772 auc-

277 837 411 901 toritate
427 837 496 913 Xti,
514 846 625 919 potest
646 836 679 897 in
700 836 763 899 Dei
782 836 907 900 cultum
924 835 1218 916 augmentandum,
1234 843 1268 896 et
1287 832 1412 895 lucrum
1431 832 1626 903 animarum,

278 977 330 1020 res
359 957 455 1021 datas
485 957 518 1019 in
547 977 624 1019 usus
659 956 795 1037 alicujus
828 956 975 1020 ecclesiae
1005 956 1180 1037 disponere
1210 964 1244 1017 et
1277 953 1461 1035 prudentiae
1491 951 1628 1033 alicujus

277 1077 337 1139 viri
363 1077 396 1139 in
423 1077 654 1139 commendam
681 1077 819 1155 tradere,
844 1086 878 1139 et
904 1078 1021 1139 eadem
1047 1076 1136 1138 bona
1161 1075 1196 1136 in
1226 1074 1378 1136 meliores
1408 1082 1442 1135 et
1472 1073 1505 1134 in
1535 1091 1628 1135 sanc·

277 1198 378 1260 tiores
408 1217 486 1260 usus
515 1198 670 1273 converti,
700 1206 734 1260 et
762 1198 927 1278 praecipue
956 1198 989 1258 in
1022 1196 1096 1258 illos
1128 1204 1223 1258 actus
1253 1216 1297 1257 ex
1327 1194 1447 1276 quibus
1480 1195 1629 1275 sequitur

279 1316 384 1400 major
412 1317 501 1380 salus
531 1328 565 1381 et
591 1317 717 1380 lucrum
744 1318 938 1379 animarum.
996 1316 1035 1378 In
1063 1316 1200 1379 diversis
1226 1315 1375 1397 epistolis
1400 1315 1506 1378 sancti
1530 1334 1629 1397 papae

279 1435 429 1519 Gregorii
464 1437 584 1518 legitur
613 1438 702 1518 quod
737 1435 880 1500 Sanctus
909 1435 1088 1518 Gregorius
1121 1433 1200 1498 fecit
1229 1435 1314 1498 duos
1344 1435 1555 1518 episcopatus
1585 1437 1629 1498 de

279 1576 344 1620 uno
368 1557 570 1640 episcopatu,
593 1568 626 1621 et
652 1568 756 1621 terras
778 1567 812 1620 et
834 1557 981 1625 redditus
1004 1557 1101 1618 unius
1127 1555 1274 1618 ecclesiae
1296 1555 1390 1618 dedit
1416 1556 1450 1618 in
1477 1554 1629 1618 meliores

278 1697 357 1740 usus
391 1677 526 1742 alterius
561 1678 717 1756 ecclesiae,
749 1687 783 1740 et
819 1677 980 1740 concessit
1009 1676 1099 1758 quod
1131 1696 1216 1738 unus
1248 1677 1357 1739 bonus
1386 1686 1500 1758 pastor
1533 1675 1629 1739 unius

278 1798 425 1861 ecclesiae
454 1797 592 1862 haberet
621 1798 683 1862 sibi
715 1807 749 1860 et
774 1797 1015 1860 successoribus
1044 1796 1111 1858 suis
1141 1816 1193 1858 res
1221 1796 1356 1859 alterius
1387 1796 1545 1871 ecclesiae,
1572 1797 1628 1860 ubi

277 1939 392 2002 paucae
422 1939 571 2001 personae
601 1919 741 1994 fuerunt,
771 1927 805 1980 et
839 1938 945 1998 pauca
974 1917 1063 1980 bona
1092 1937 1152 1999 per
1182 1917 1253 1980 illas
1283 1928 1387 1981 terras
1416 1927 1450 1981 et
1480 1918 1629 1981 redditus

277 2038 411 2102 fiebant.
456 2038 551 2112 Item,
579 2040 668 2101 idem
697 2047 831 2101 sanctus
861 2037 952 2119 Papa
978 2037 1071 2101 dedit
1100 2037 1270 2101 licenciam
1300 2039 1377 2100 viris
1407 2038 1564 2116 ecclesiae,
1592 2050 1629 2103 ut

277 2159 417 2227 invicem
449 2168 691 2223 commutarent
720 2167 824 2221 terras
854 2179 930 2220 suas
960 2168 994 2221 et
1023 2158 1171 2222 redditus
1201 2159 1234 2221 in
1266 2159 1425 2240 majorem
1452 2158 1628 2224 utilitatem

277 2281 553 2363 consequendam,
577 2288 615 2343 ut
636 2288 730 2361 patet
753 2279 786 2341 in
809 2278 927 2341 eodem
951 2279 1107 2359 Registro
1131 2277 1247 2343 Sancti
1271 2279 1432 2362 Gregorii.

364 2410 399 2477 [ρ.
418 2409 485 2474 roa]
530 2399 695 2462 Dominus
722 2399 814 2462 Deus
840 2408 989 2471 testatur,
1011 2398 1166 2480 Jeremiae
1195 2397 1248 2460 18⁰
1275 2406 1349 2475 ca⁰.,
1375 2401 1466 2482 quod
1493 2401 1521 2464 si
1546 2421 1629 2484 gens

276 2522 473 2604 peccaverit,
512 2530 546 2584 et
584 2520 656 2583 voci
697 2519 760 2582 Dei
802 2538 869 2582 non
909 2518 1078 2596 obedierit,
1116 2529 1196 2583 tunc
1238 2520 1332 2584 Deus
1374 2531 1453 2603 aget
1491 2522 1628 2603 pinnam

276 2662 376 2724 super
401 2645 490 2706 bono
517 2642 607 2723 quod
634 2640 763 2704 locutus
794 2649 845 2703 est
874 2650 911 2703 ut
937 2638 1061 2704 faceret
1089 2641 1190 2722 genti,
1215 2642 1273 2704 i.e.
1302 2642 1444 2706 mutabit
1474 2643 1629 2707 effectum

277 2784 378 2845 quem
414 2763 574 2845 promisit,
604 2770 638 2824 et
673 2781 740 2824 non
774 2759 874 2823 faciet
903 2761 1027 2823 bonum
1057 2761 1147 2843 quod
1177 2762 1328 2843 promisit
1358 2763 1405 2827 illi
1434 2765 1535 2847 genti,
1565 2764 1630 2828 sub

277 2884 468 2948 conditione
502 2881 742 2946 subintellecta.
802 2879 1026 2944 Consimiliter
1060 2881 1120 2945 Xti
1154 2883 1303 2960 vicarius,
1341 2884 1496 2948 dominus
1531 2906 1630 2969 papa,

277 3013 398 3087 potest,
413 3014 549 3087 propter
569 3003 709 3066 abusum
736 3012 770 3067 et
792 3011 975 3085 peccatum,
991 3002 1156 3067 retrahere
1177 3004 1267 3068 bona
1288 3007 1484 3088 temporalia
1507 3016 1541 3071 et
1563 3007 1632 3088 pri·

276 3125 396 3208 vilegia
418 3126 474 3186 uni
497 3125 642 3188 ecclesiae
669 3143 833 3200 concessa,
855 3134 889 3187 et
913 3124 946 3185 in
971 3123 1054 3187 alios
1078 3146 1156 3188 usus
1182 3125 1334 3190 meliores
1358 3127 1414 3190 illa
1437 3128 1527 3191 bona
1551 3148 1630 3192 con-

276 3245 381 3324 serre3
409 3254 443 3308 et
463 3255 574 3327 potest
595 3255 722 3308 mutare
740 3244 869 3322 collata,
885 3255 918 3308 et
941 3244 1106 3309 retrahere
1124 3245 1254 3326 collata,
1269 3247 1355 3311 sicut
1376 3248 1477 3323 DeuS,
1492 3259 1630 3332 propter

276 3376 461 3451 peccatum,
485 3366 622 3431 retraxit
645 3366 734 3429 bona
756 3366 878 3430 collata
901 3387 921 3428 a
943 3366 1137 3447 Jerusalem,
1162 3378 1196 3432 et
1221 3369 1264 3432 ab
1289 3368 1381 3451 Hely
1401 3377 1435 3432 et
1457 3391 1478 3432 a
1500 3390 1629 3434 succes-

277 3489 407 3553 soribus
433 3487 514 3570 ejus.
562 3487 659 3551 Patet
684 3487 791 3568 primo
819 3488 961 3570 Regum.
1008 3488 1080 3552 Nec
1107 3490 1141 3551 in
1166 3488 1230 3553 hoc
1257 3489 1336 3556 facit
1362 3511 1449 3573 papa
1476 3490 1627 3571 injuriam

277 3609 433 3683 ecclesiae,
458 3608 537 3691 quia
559 3618 639 3672 tunc
662 3608 694 3671 in
721 3607 780 3670 tali
808 3629 885 3672 casu
913 3608 970 3672 illa
996 3610 1085 3672 bona
1110 3630 1177 3674 non
1201 3610 1364 3675 debentur
1389 3611 1453 3676 illis
1478 3611 1629 3693 personis

276 3729 443 3816 (quamvis
468 3729 633 3793 dabantur
661 3729 809 3810 personis
834 3730 898 3794 illis
927 3731 960 3793 in
988 3743 1186 3813 perpetuum
1213 3735 1271 3797 sed
1302 3733 1364 3796 sub
1394 3731 1629 3818 conditione1),

276 3854 304 3916 si
344 3860 494 3935 potestas
533 3852 681 3932 superior
715 3849 772 3914 illa
810 3871 876 3914 non
916 3861 1092 3930 revocaret,
1128 3866 1161 3919 et
1198 3854 1304 3917 eciam
1344 3855 1427 3917 dans
1465 3874 1506 3917 ea
1539 3854 1629 3918 bona

277 3993 344 4037 non
370 3972 536 4038 intellexit
558 3975 648 4055 quod
671 3971 782 4053 aliquo
804 3983 954 4054 tempore
977 3973 1009 4035 in
1032 3984 1230 4058 perpetuum
1253 3995 1403 4057 personae
1426 3975 1518 4058 cujus
1540 3977 1629 4040 bona

276 4094 399 4158 collata
424 4104 526 4172 erant,
553 4093 610 4158 illa
639 4094 759 4158 retrahi
786 4115 807 4157 a
832 4094 949 4176 seipsis
976 4107 1187 4162 mererentur.
1241 4097 1419 4161 Promissio
1449 4097 1537 4160 enim
1564 4097 1629 4160 Dei

878 4229 887 4259 ¹
905 4230 934 4280 In
946 4246 1025 4295 marg.
