3818 4904
300 408 341 470 62
676 414 774 469 LOCI
799 413 829 466 E
857 414 980 468 LIBRO
1016 413 1274 469 VERITATUM.

300 622 352 684 cui
384 631 469 684 recte
499 620 660 696 obeditur,
688 621 764 702 quia
792 620 884 682 Deus
915 631 1021 683 ratum
1052 618 1153 683 habet
1180 621 1269 701 quod
1301 619 1432 682 nomine
1463 619 1532 700 ejus
1564 630 1650 682 recte

302 744 499 824 praecipitur.
547 742 632 804 Item
657 743 749 823 regit,
767 742 823 822 qui
846 742 990 823 seipsum
1014 742 1152 821 exponit
1176 741 1208 802 in
1232 739 1373 803 salutem
1396 740 1542 816 aliorum,
1563 742 1651 821 paci·

302 863 389 925 endo
410 862 553 944 poenalia
575 883 634 943 pro
651 861 784 942 justicia
805 871 919 924 contra
940 862 1095 934 tirannos,
1116 880 1192 923 vere
1212 862 1360 923 dicentes
1382 881 1457 924 cum
1480 860 1650 942 propheta,

301 983 469 1064 quomodo
488 1002 596 1045 coram
617 982 691 1044 Deo
710 982 859 1044 inventus
881 991 930 1044 est
953 981 1103 1062 ‘sanguis
1127 1001 1308 1063 pauperum
1330 983 1363 1043 in
1383 982 1444 1044 alis
1464 980 1596 1056 eorum,’
1617 982 1650 1044 id

302 1111 360 1174 est,
378 1103 410 1164 in
432 1102 556 1165 deliciis
577 1111 610 1164 et
627 1101 852 1183 voluptatibus
871 1101 1010 1164 divitum
1032 1111 1065 1163 et
1088 1111 1290 1164 terrenorum
1313 1102 1464 1164 inventus
1485 1110 1535 1164 est
1557 1101 1651 1164 labor

298 1221 462 1303 justorum
494 1242 684 1303 pauperum,
715 1223 803 1303 quod
839 1222 1030 1303 opprimunt
1061 1230 1094 1284 et
1125 1220 1246 1302 injuste
1278 1242 1391 1285 eorum
1421 1223 1509 1284 bona
1539 1228 1651 1285 ext0r4

303 1351 425 1424 quent3
460 1351 494 1404 et
524 1342 586 1423 ipsi
613 1341 801 1405 laborantes
827 1342 984 1423 indigent,
1011 1349 1045 1404 et
1073 1341 1128 1404 alii
1159 1341 1281 1404 intrant
1309 1343 1342 1404 in
1369 1341 1500 1405 labores
1527 1362 1649 1405 eorum.

304 1462 390 1526 Item
406 1463 539 1544 sanguis
555 1482 734 1543 pauperum
751 1462 849 1524 estin
870 1461 930 1524 alis
949 1481 1071 1538 eorum,
1087 1462 1163 1542 quia
1183 1462 1244 1542 ipsi
1265 1463 1377 1543 magni
1393 1463 1518 1524 domini
1533 1464 1650 1525 terreni

302 1593 379 1646 sunt
402 1602 499 1646 causa
523 1592 556 1645 et
579 1583 707 1645 occasio
727 1603 829 1664 quare
849 1582 903 1643 alii
927 1581 1093 1645 inferiores
1116 1590 1254 1663 peccant
1278 1581 1365 1645 malo
1385 1603 1498 1645 amore
1517 1581 1569 1645 vel
1592 1602 1652 1664 pro

303 1705 391 1766 malo
412 1705 531 1766 timore
552 1723 674 1778 eorum,
691 1713 724 1765 et
745 1722 843 1765 causa
863 1712 940 1765 sunt
963 1702 1124 1764 malorum
1148 1701 1180 1764 in
1202 1703 1349 1784 pluribus
1371 1703 1474 1779 malis,
1491 1723 1574 1784 quos
1594 1704 1653 1766 de·

302 1824 442 1886 fendunt
466 1825 498 1886 in
523 1822 619 1900 ma10‚
642 1832 676 1885 et
699 1843 755 1885 eos
779 1822 895 1901 corrigi
918 1842 984 1885 non
1007 1823 1211 1904 permittunt.
1257 1822 1303 1885 Et
1325 1822 1464 1886 Numeri
1486 1823 1651 1887 tricesimo

303 1943 363 2025 iiij⁰
387 1944 467 2006 dicit
492 1943 663 2019 Dominus,
685 1963 720 2004 se
743 1942 859 2004 inferre
882 1951 1009 2005 tantam
1033 1962 1167 2024 poenam
1192 1963 1256 2005 non
1281 1945 1493 2028 punientibus
1516 1954 1653 2025 peccata

303 2072 464 2145 quantam
488 2062 621 2125 inferret
643 2061 839 2125 iacientibus
862 2062 918 2124 illa
941 2062 1035 2139 mala,
1051 2083 1138 2144 erg0‚
1157 2085 1177 2126 a
1198 2064 1335 2140 forciori,
1355 2065 1470 2147 puniet
1493 2064 1574 2142 illos,
1595 2065 1651 2146 qui

304 2183 392 2246 mala
412 2183 603 2260 defendunt,
623 2192 656 2245 et
677 2183 793 2265 corrigi
818 2203 883 2245 non
907 2183 1111 2264 permittunt,
1131 2187 1207 2266 quia
1229 2184 1292 2248 hoc
1316 2185 1421 2268 majus
1444 2186 1568 2248 malum
1591 2196 1651 2249 est.

304 2305 406 2386 Regit
425 2324 503 2385 ergo
524 2304 609 2366 bene
628 2304 684 2384 qui
704 2323 739 2365 se
760 2305 898 2385 exponit
917 2324 976 2385 pro
994 2323 1093 2387 grege
1111 2305 1320 2369 defendendo
1340 2327 1360 2368 a
1381 2306 1485 2383 malis,
1504 2307 1653 2389 cogitans

305 2425 386 2489 illud
414 2426 539 2487 dictum
571 2422 742 2506 prophetae
769 2423 801 2484 in
828 2422 912 2485 libro
939 2421 1090 2505 Regum:
1118 2423 1279 2487 ‘Custodi
1304 2425 1409 2488 virum
1436 2426 1553 2507 ipsum,
1576 2426 1654 2507 quia

302 2546 330 2609 si
357 2545 470 2627 lapsus
496 2545 566 2620 luit,
592 2544 653 2607 erit
676 2545 786 2606 anima
809 2553 866 2606 tua
890 2564 949 2625 pro
973 2545 1083 2607 anima
1110 2544 1215 2627 ejus3'
1242 2546 1274 2608 id
1299 2556 1357 2623 est,
1379 2545 1440 2609 erit
1462 2547 1573 2609 anima
1596 2557 1655 2611 tua

304 2667 420 2748 punita
447 2686 506 2748 pro
534 2676 592 2728 tuo
618 2664 757 2737 deiectu,
786 2664 862 2745 quia
892 2664 1039 2727 delecisti
1068 2666 1110 2727 ab
1142 2686 1181 2728 eo
1208 2667 1297 2747 quod
1325 2667 1452 2748 operari
1482 2667 1654 2745 tenebaris,

303 2787 365 2849 sub
395 2805 496 2867 poena
525 2785 659 2848 offensae
688 2785 772 2862 Dei;
807 2793 841 2846 et
867 2786 977 2846 anima
1004 2795 1061 2848 tua
1091 2786 1151 2847 erit
1182 2786 1297 2867 punita
1323 2787 1400 2867 quia
1426 2785 1550 2849 malum
1576 2786 1655 2852 iecit

303 2907 394 2988 quod
418 2927 602 2990 praecavere
625 2907 743 2988 potuit,
763 2916 796 2969 et
815 2906 928 2969 debuit
947 2927 990 2968 ex
1012 2906 1135 2969 lumine
1156 2906 1359 2985 intellectus3
1384 2909 1472 2971 unde
1490 2907 1654 2972 Dominus

304 3027 487 3091 Ezechielis
517 3027 549 3110 iij
578 3028 649 3109 ipse
678 3026 801 3091 scilicet
831 3027 982 3090 subditus
1011 3028 1044 3089 in
1074 3027 1256 3109 iniquitate,
1280 3048 1381 3110 quam
1410 3038 1565 3111 operatus
1594 3038 1654 3108 est,

304 3148 468 3225 morietur,
499 3149 519 3211 i.
531 3168 560 3210 e.
592 3168 612 3209 a
643 3148 718 3210 Deo
747 3148 961 3229 separabitur,
993 3157 1026 3210 et
1055 3148 1250 3229 sanguinem
1280 3148 1350 3230 ejus
1380 3149 1422 3212 de
1456 3169 1555 3211 manu
1586 3159 1654 3223 tua,

305 3268 336 3333 O
360 3277 467 3331 rector
488 3267 621 3350 populi!
653 3267 826 3350 requiram,
847 3269 923 3349 quia
945 3267 1068 3331 scilicet
1090 3266 1239 3332 delecisti
1262 3290 1282 3331 a
1304 3269 1418 3332 debito
1441 3278 1508 3347 tuo,
1531 3269 1655 3334 scilicet

305 3389 429 3453 malum
453 3389 611 3462 saciend0,
636 3388 689 3452 vel
712 3411 731 3452 a
756 3388 844 3451 malo
867 3410 926 3452 suo
950 3389 1057 3471 ipsum
1081 3409 1147 3451 non
1171 3391 1364 3468 revocand0,
1386 3389 1438 3453 vel
1462 3390 1654 3473 exemplum

304 3512 438 3584 bonum,
461 3510 514 3573 vel
540 3511 629 3573 aliud
653 3510 804 3573 debitum
831 3511 956 3572 bonum
979 3511 1174 3584 omittendo,
1200 3520 1236 3573 ut
1259 3509 1406 3573 declarat
1430 3510 1515 3574 bene
1538 3513 1654 3576 doctor

303 3632 516 3710 auctenticus,
534 3632 637 3713 Hugo
658 3633 700 3694 de
715 3631 855 3704 Vienna,
872 3630 1055 3694 Ezechielis
1073 3631 1121 3713 iij⁰
1138 3631 1293 3712 capitulo.
1335 3631 1429 3712 Opus
1448 3633 1533 3694 enim
1551 3634 1654 3696 curati

305 3761 356 3815 est
385 3773 498 3835 regere
526 3754 654 3815 animas
684 3762 844 3833 tanquam
870 3753 1053 3833 preciosum
1081 3750 1271 3815 thesaurum
1298 3772 1398 3833 quem
1425 3752 1513 3816 Xtus
1538 3753 1655 3835 adqui-

305 3874 381 3935 sivit
408 3873 566 3955 sanguine
593 3894 663 3948 su0‚
686 3881 771 3936 teste
798 3872 939 3955 apostoli
962 3871 1111 3936 Actuum
1133 3872 1288 3935 vicesimo
1314 3872 1469 3954 capitulo.
1515 3870 1655 3937 Custodi

305 3994 404 4075 igitur
425 3994 613 4075 depositum
637 4003 739 4070 tuum,
764 3994 814 4057 i.e.
835 3992 1035 4068 thesaurum,
1061 3994 1220 4056 custodiae
1243 4001 1309 4054 tuae
1332 3993 1553 4071 commissum,
1578 3994 1656 4077 quia

304 4114 332 4176 si
359 4123 416 4177 tuo
442 4114 572 4178 delectu
600 4115 693 4197 perit,
715 4135 765 4177 vae
793 4113 870 4178 tibil
899 4115 975 4196 quia
997 4114 1127 4177 vineam
1151 4123 1243 4176 tuam
1267 4133 1333 4176 non
1357 4115 1540 4177 custodisti.
1586 4113 1654 4178 Sed

304 4233 386 4297 heu!
416 4234 485 4316 jam
513 4236 598 4317 quia,
623 4237 678 4318 qui
702 4235 771 4316 jam
798 4255 881 4298 onus
911 4235 1076 4317 regiminis
1102 4234 1229 4317 accipit,
1255 4246 1312 4298 aut
1340 4242 1389 4299 est
1416 4235 1513 4299 valde
1539 4235 1654 4310 malus,
