3818 4904
296 390 337 472 58
672 399 771 456 LOCI
796 399 825 452 E
854 399 977 452 LIBRO
1014 397 1270 453 VERITAYUM.

297 616 421 678 amicos
451 636 528 678 suos
557 615 703 679 carnales
734 615 839 696 magis
869 635 970 696 quam
1010 615 1129 688 Deum,
1161 615 1216 695 qui
1246 633 1311 676 non
1342 612 1512 675 conserunt
1541 608 1648 672 officia

300 735 528 812 ecclesiastica,
549 757 593 799 sc.
615 738 831 817 episcopatus,
851 736 1014 812 rectorias‚
1035 745 1068 798 et
1090 734 1154 796 alia
1175 734 1290 810 officia,
1309 733 1372 795 illis
1393 733 1449 814 qui
1476 731 1592 804 sciunt,
1615 738 1648 790 et

300 864 445 936 possunt,
462 864 496 918 et
510 854 625 918 volunt
641 856 780 918 sciencia
796 864 829 918 et
845 855 913 918 vita
929 865 961 919 et
977 857 1125 918 doctriua
1142 855 1250 936 plures
1267 854 1298 916 in
1314 853 1489 917 virtutibus
1502 850 1648 913 Domino

299 975 476 1055 acquirere,
492 977 550 1038 sed
567 976 680 1038 amicis
695 977 762 1038 suis
783 976 966 1039 carnalibus
982 976 1161 1050 conserunt,
1179 984 1215 1038 ut
1231 976 1377 1038 ditentur
1397 983 1428 1035 ct
1448 973 1650 1035 honorentur

300 1095 499 1176 pinguedine
521 1105 615 1158 terrae
638 1095 680 1158 de
703 1096 798 1158 bonis
821 1095 965 1159 ecclesiae
984 1097 1070 1159 datis
1086 1117 1106 1158 a
1123 1097 1197 1158 Deo
1220 1098 1252 1158 in
1275 1103 1490 1176 augmentum
1512 1110 1649 1173 operum

301 1214 520 1278 bonorumet
543 1225 676 1279 actuum
699 1216 926 1298 spiritualium,
949 1227 984 1280 ut
1010 1226 1149 1280 testatur
1174 1216 1317 1280 Sanctus
1338 1215 1527 1295 Jeronimus
1553 1231 1651 1292 super

302 1335 490 1418 Epistolam
504 1338 547 1400 ad
563 1336 687 1413 Titum,
701 1339 733 1400 in
745 1336 999 1401 Commentariis
1015 1338 1090 1401 suis
1129 1338 1281 1401 Honorat
1293 1338 1380 1399 enirn
1396 1335 1538 1398 amicum
1555 1351 1650 1394 suurn

302 1457 467 1521 carnalem
490 1458 595 1542 magis
611 1479 711 1540 quarn
729 1458 848 1526 Deum,
865 1459 920 1540 qui
944 1479 1037 1522 suam
1061 1459 1227 1540 propriam
1251 1458 1283 1520 in
1307 1478 1346 1520 eo
1369 1455 1486 1538 implet
1500 1453 1652 1517 volunta·

302 1585 379 1654 tem,
396 1587 429 1640 et
445 1597 510 1640 non
530 1577 594 1642 Dei
610 1579 794 1660 imperium.
839 1577 931 1641 Talis
951 1600 1015 1641 non
1036 1577 1113 1642 facit
1129 1581 1212 1642 sicut
1229 1578 1304 1641 iecit
1320 1577 1423 1657 Judas
1439 1573 1652 1647 Machabeus,

302 1698 359 1779 qui
384 1697 484 1779 elegit
510 1701 696 1763 sacerdotes
728 1700 816 1762 ‘sine
843 1699 971 1762 macula
997 1699 1201 1761 voluntatem
1228 1698 1388 1760 habentes
1414 1698 1447 1759 in
1479 1695 1551 1777 lege
1579 1694 1651 1766 Dei,

304 1827 338 1881 et
354 1820 594 1883 mundaverunt
616 1816 747 1897 sancta,’
769 1820 827 1882 i.e.
852 1820 1023 1901 templum,
1040 1820 1145 1901 primo
1165 1819 1422 1882 Machabeorurn
1439 1817 1508 1897 iiij0.
1555 1814 1653 1876 Mun·

304 1937 386 2000 dant
410 1938 582 2002 ecclesiam
600 1940 655 2021 qui
673 1938 849 2003 reformant
866 1939 1054 2022 parochiam
1079 1960 1171 2001 suam
1187 1938 1238 2001 vel
1258 1939 1425 2002 diocesim.
1472 1936 1549 2018 Ipse
1565 1934 1652 1997 enim

304 2067 356 2121 est
379 2057 485 2120 malus
508 2068 615 2122 rector
637 2079 694 2122 seu
717 2060 889 2123 officiarius
917 2060 1062 2123 ecclesiae
1086 2060 1141 2141 qui
1173 2080 1238 2121 non
1268 2059 1345 2122 facit
1376 2058 1432 2121 illa
1455 2077 1555 2138 opera
1579 2075 1654 2136 quae

302 2177 425 2240 iaceret
445 2188 479 2242 et
502 2179 557 2260 qui
582 2180 661 2243 facit
684 2201 784 2262 opera
810 2182 972 2245 contraria
997 2180 1061 2242 illis
1083 2202 1157 2262 quae
1184 2180 1314 2243 faceret.
1361 2179 1456 2259 Opus
1478 2177 1580 2241 curati
1604 2184 1655 2238 est

306 2297 536 2380 evangelizare
560 2309 592 2363 et
619 2300 786 2364 testificari
809 2301 933 2382 judicia
964 2301 1027 2364 Dei
1058 2310 1092 2363 et
1119 2322 1193 2383 quae
1222 2300 1293 2364 vult
1324 2300 1416 2362 Deus
1447 2298 1656 2361 manifestare

305 2417 430 2500 populo
453 2419 526 2485 Dei.
552 2430 586 2482 et
609 2419 673 2484 hoc
697 2422 797 2483 verbo
822 2430 920 2498 recto,
944 2432 977 2485 et
1002 2421 1186 2496 manifesto,
1212 2432 1246 2485 et
1271 2422 1347 2494 vita,
1374 2429 1407 2483 et
1433 2418 1597 2501 exemplo
1621 2426 1655 2480 et

305 2539 472 2617 subsidio;
497 2542 584 2603 unde
605 2541 799 2623 praedicacio
814 2552 958 2616 vocatur,
978 2542 1127 2605 Actuum
1149 2543 1303 2605 vicesimo
1327 2548 1387 2617 ca⁰,
1404 2534 1656 2615 ‘annunciacio’

306 2659 365 2722 i.e.
384 2671 499 2740 aperta
521 2662 666 2724 ostensio
692 2672 725 2725 et
750 2662 940 2737 declaracio‚
960 2672 997 2726 ut
1021 2665 1127 2745 sapiat
1149 2663 1284 2727 verbum
1309 2664 1341 2725 in
1364 2662 1465 2725 corde
1483 2659 1655 2724 audientis.

307 2779 453 2843 Primum
469 2801 552 2862 opus
570 2783 673 2845 curati
690 2792 739 2845 est
755 2784 865 2857 verbo,
878 2793 911 2847 et
927 2782 1015 2847 facto
1033 2785 1122 2846 bono
1138 2785 1328 2866 exemplari,
1344 2793 1431 2847 recte
1447 2782 1607 2865 speculari
1623 2783 1656 2843 in

306 2898 391 2962 libro
417 2910 616 2980 naturarum,
642 2894 758 2966 seuin
786 2904 908 2967 noticia
933 2925 1049 2981 rerum,
1076 2915 1109 2968 et
1136 2905 1168 2966 in
1195 2905 1278 2968 libro
1303 2905 1471 2986 scripturae
1498 2923 1598 2966 sacrae
1623 2912 1656 2965 et

306 3029 495 3083 sanctorum
510 3022 684 3086 doctorum
705 3023 760 3087 illa
775 3044 848 3106 quae
866 3025 958 3088 Deus
977 3026 1165 3100 annunciat,
1183 3035 1219 3089 ut
1238 3026 1463 3090 testimonium
1485 3022 1657 3106 perhibeat

306 3139 435 3203 veritati
462 3140 533 3216 hiis,
556 3144 610 3224 qui
639 3143 791 3225 ignorant
819 3154 852 3208 et
877 3155 993 3219 errant,
1014 3166 1128 3208 verum
1153 3166 1213 3227 pro
1238 3145 1321 3210 salso
1345 3156 1378 3209 et
1404 3168 1423 3209 e
1448 3155 1562 3210 contra
1585 3154 1657 3206 ten·

307 3270 409 3339 enteS,
433 3271 467 3324 et
494 3261 556 3325 illis
582 3264 639 3345 qui
666 3274 869 3347 cognoscunt
893 3287 1026 3345 verum3
1061 3287 1151 3348 saepe
1174 3288 1288 3330 verum
1316 3279 1349 3331 et
1375 3267 1500 3330 bonurn
1522 3266 1658 3330 reducat

307 3391 440 3445 curatus
455 3383 639 3446 animarum
663 3385 696 3447 in
719 3386 911 3449 memoriam
933 3387 1072 3464 illorum,
1089 3398 1125 3451 ut
1140 3389 1246 3452 verius
1263 3399 1472 3471 cognoscant,
1489 3398 1522 3452 et
1539 3397 1575 3450 ut
1591 3408 1658 3450 non

307 3501 549 3581 obliviscantur,
564 3503 641 3586 quia
657 3505 821 3569 Dominus
839 3509 996 3589 praecepit
1012 3507 1135 3590 populo
1153 3509 1252 3572 Israel
1275 3509 1396 3573 habere
1414 3529 1544 3592 semper
1557 3509 1657 3570 verba

309 3622 540 3685 mandatorum
572 3624 646 3700 Dei,
672 3645 713 3688 ne
744 3625 799 3689 illa
829 3627 1105 3704 obliviscerentur,
1133 3641 1169 3692 ut
1199 3639 1309 3694 essent
1340 3633 1433 3712 quasi
1461 3633 1554 3713 signa
1580 3642 1658 3696 ante

307 3742 429 3820 oculos,
454 3753 487 3806 et
511 3744 589 3826 quia
619 3744 762 3809 officium
793 3747 897 3811 curati
931 3759 982 3811 est
1012 3749 1057 3812 sic
1089 3758 1176 3813 recte
1205 3751 1366 3832 speculari
1397 3762 1431 3816 et
1460 3754 1659 3818 annunciare

307 3862 513 3927 voluntatem
541 3864 605 3927 Dei
632 3866 755 3947 populo
781 3887 851 3942 suo,
879 3869 952 3931 idco
984 3869 1149 3933 Dominus
1174 3871 1358 3936 Ezechielis
1388 3874 1436 3955 iij⁰
1459 3885 1556 3938 vocat
1582 3896 1658 3938 eum

309 3983 581 4065 ‘speculatorem’
602 3993 635 4047 et
653 3988 921 4051 annunciatorem
937 3991 1110 4055 verborum
1128 3993 1190 4054 Dei
1206 4014 1213 4071 ;
1236 4014 1334 4075 super
1345 4016 1410 4076 quo
1426 4002 1502 4078 cap⁰
1518 4006 1660 4060 testatur

310 4103 452 4168 Sanctus
467 4105 662 4185 Jeronimus,
679 4107 796 4172 doctor
811 4110 975 4175 coelestis:
999 4112 1056 4195 qui
1075 4114 1263 4195 speculator
1278 4115 1383 4179 factus
1401 4127 1460 4191 est,
1477 4118 1577 4180 verba
1594 4118 1659 4181 Dei

310 4224 432 4307 populo
456 4237 652 4306 narraturus,
668 4228 774 4292 multo
797 4239 948 4313 tempore
972 4232 1071 4297 debet
1090 4235 1258 4316 quiescere
1277 4246 1309 4299 et
1333 4236 1443 4300 dolere
1466 4239 1508 4300 ad
1528 4259 1567 4301 ea
1583 4259 1659 4320 quae
