3818 4904
699 436 797 490 LocJ
822 436 852 488 E
880 435 1005 489 LIBRO
1041 433 1297 490 VERITATUM.
1615 436 1680 505 123Ι

415 659 449 726 [p.
465 659 534 728 599]
575 650 669 713 Heu!
693 651 770 731 quia
793 650 876 714 circa
899 671 1023 714 annum
1043 649 1179 713 Domini
1199 667 1289 731 1449,
1306 669 1390 711 unus
1412 648 1676 729 archiepiscopus

328 791 387 853 per
406 790 484 833 suos
504 769 675 834 officiarios
697 769 868 835 mandavit
889 790 948 852 per
967 791 1061 833 suam
1082 770 1239 834 diocesim
1261 772 1293 832 in
1309 768 1442 850 Anglia,
1459 767 1546 851 quod
1569 766 1677 831 nullus

328 889 515 954 absolveret
535 891 679 972 aliquem
695 911 716 953 a
734 890 878 972 peccatis
896 889 1060 967 confessis,
1079 889 1140 953 nisi
1161 891 1249 973 prius
1270 888 1423 952 sacerdos
1444 889 1473 950 ei
1494 887 1678 970 injungeret

329 1011 455 1074 solvere
482 1010 638 1092 pecunias
662 1009 807 1073 ecclesiae
834 1009 919 1073 illius
942 1012 1086 1092 episcopi
1109 1010 1162 1073 vel
1188 1009 1234 1075 illi
1258 1011 1423 1091 episcopo,
1446 996 1492 1071 ita
1518 1007 1609 1089 quod
1636 1008 1679 1070 de

330 1130 386 1194 illa
406 1131 545 1213 pecunia
568 1131 719 1193 redderet
740 1129 879 1211 quilibet
899 1140 1030 1194 curatus
1052 1150 1120 1193 suae
1141 1132 1280 1194 diocesis
1299 1137 1492 1212 compotum
1508 1128 1540 1191 in
1562 1127 1679 1190 sinodo

330 1250 434 1315 semel
457 1250 605 1332 quolibet
627 1271 715 1313 anno
737 1259 813 1332 post
838 1249 973 1314 Pascha.

418 1379 458 1447 [p.
473 1380 542 1444 ooo]
588 1370 811 1436 Consimiliter
831 1370 901 1452 jam
927 1391 993 1433 non
1020 1381 1134 1434 curant
1158 1370 1309 1434 homines
1335 1391 1480 1453 peccare,
1508 1371 1585 1452 quia
1612 1389 1680 1432 cre·

331 1491 415 1554 dunt
451 1512 487 1554 se
522 1512 588 1555 non
622 1513 718 1574 posse
754 1512 813 1554 nec
848 1490 917 1554 fore
951 1491 1182 1572 dampnandos
1217 1500 1351 1573 propter
1385 1489 1629 1572 indulgenciam
1661 1508 1682 1551 a

333 1611 443 1675 Roma
469 1608 666 1689 concessam,
692 1632 766 1694 quae
791 1612 860 1693 jam
888 1612 934 1674 sic
963 1610 1162 1685 conceditur,
1187 1618 1222 1673 ut
1249 1631 1314 1673 non
1341 1611 1526 1693 puplicetur
1550 1611 1584 1672 in
1608 1609 1681 1672 An·

330 1730 397 1812 glia
420 1752 591 1814 quousque
614 1752 719 1795 annus
742 1731 1041 1813 quinquagesimus,
1059 1731 1115 1812 qui
1135 1752 1155 1794 a
1175 1731 1298 1813 populo
1319 1740 1456 1795 vocatur
1472 1729 1623 1812 jubileus
1639 1732 1682 1794 sit

331 1860 524 1928 transactus,
540 1872 582 1914 ne
604 1851 688 1915 forte
704 1872 762 1934 per
781 1851 852 1914 illas
873 1850 1098 1933 indulgencias
1121 1852 1153 1913 in
1169 1850 1295 1934 Anglia
1318 1872 1490 1916 concessas
1513 1851 1682 1934 pauciores

331 1971 398 2034 sint
421 1971 597 2035 offerentes
619 1980 653 2036 et
675 1972 850 2054 pecuniam
874 1971 1081 2035 effundentes
1105 1972 1231 2035 Romae.

419 2099 453 2166 [p.
478 2099 550 2165 603]
600 2090 823 2155 Consimiliter
849 2091 920 2172 jam
944 2092 1091 2155 moderni
1122 2101 1311 2173 peccatores
1341 2092 1463 2171 dicunt,
1489 2092 1585 2155 ‘Non
1605 2112 1683 2155 curo

332 2232 407 2294 quae
431 2219 464 2275 et
489 2221 570 2293 quot
591 2211 678 2275 mala
702 2212 809 2276 fecero
834 2232 947 2276 coram
969 2212 1053 2289 Deo,
1069 2214 1146 2294 quia
1169 2211 1322 2275 facillime
1346 2222 1380 2276 et
1398 2211 1553 2276 citissime
1575 2211 1683 2276 habeo

334 2333 560 2395 remissionem
586 2331 769 2414 plenariam
796 2331 1017 2415 cujuscunque
1041 2331 1146 2414 culpae
1170 2342 1204 2396 et
1225 2352 1335 2413 poenae
1359 2351 1417 2413 per
1439 2330 1683 2395 absolucionem

334 2461 368 2515 et
390 2451 635 2534 indulgenciam
657 2473 849 2517 concessam
873 2452 971 2516 michi
994 2473 1014 2515 a
1037 2473 1133 2535 papa,
1155 2450 1246 2532 cujus
1269 2453 1464 2535 scripturam
1491 2460 1525 2514 et
1552 2471 1684 2514 conces-

333 2573 460 2635 sionem
486 2573 551 2635 emi
581 2593 641 2655 pro
671 2590 693 2650 4
719 2573 869 2651 denariis
895 2571 947 2636 vel
977 2592 1037 2654 pro
1065 2594 1128 2636 sex
1158 2573 1306 2650 denariis,
1332 2571 1384 2635 vel
1414 2592 1474 2654 per
1503 2570 1610 2633 lusum
1639 2570 1688 2647 ad,

333 2688 472 2773 pilam3’
505 2693 558 2755 isti
581 2694 669 2756 enim
693 2695 748 2775 qui
773 2693 959 2758 concedunt
978 2692 1090 2757 literas
1116 2693 1396 2776 indulgenciarum
1418 2693 1604 2756 discurrunt
1626 2710 1685 2773 per

334 2812 484 2893 regiones
506 2822 540 2876 et
561 2813 642 2877 dant
664 2813 843 2895 aliquando
866 2814 994 2877 literam
1018 2835 1079 2896 pro
1101 2814 1230 2877 duobus
1250 2812 1401 2890 denariis,
1421 2811 1602 2895 aliquando
1624 2831 1686 2894 pro

336 2933 425 2995 bono
450 2933 570 2997 haustu
597 2935 665 2997 vini
690 2933 742 2997 vel
773 2935 945 3007 serevisiae‚
970 2934 1149 3015 aliquando
1174 2955 1233 3016 pro
1260 2933 1332 2996 lusu
1359 2934 1402 2996 ad
1432 2934 1534 3016 pilam
1561 2933 1588 2995 si
1614 2933 1685 2995 vin·

334 3062 459 3132 cantur,
489 3054 668 3136 aliquando
699 3075 758 3136 pro
789 3065 865 3118 actu
896 3056 1088 3132 meretrici0,
1117 3055 1295 3136 aliquando
1326 3074 1385 3136 pro
1415 3074 1526 3116 amore
1555 3053 1686 3117 camali.

336 3173 452 3237 Petrus
474 3175 562 3237 enirn
586 3175 628 3238 de
645 3174 763 3238 Monte
781 3176 846 3256 qui,
863 3174 948 3238 circa
970 3194 1092 3238 annum
1109 3171 1245 3237 Domini
1264 3191 1355 3251 1440,
1375 3173 1507 3255 collegit
1530 3173 1686 3255 pecunias

335 3293 492 3376 plurimas
514 3313 575 3375 pro
598 3294 815 3377 indulgenciis
837 3295 998 3359 concessis
1020 3315 1040 3358 a
1062 3315 1151 3376 papa
1173 3295 1335 3377 Eugenio,
1353 3295 1387 3357 in
1410 3314 1538 3358 recessu
1560 3314 1621 3356 suo
1642 3293 1686 3355 ab

335 3411 469 3494 Anglia,
496 3415 630 3495 quando
660 3416 792 3480 intravit
822 3435 940 3479 navem
964 3415 996 3476 in
1028 3415 1117 3492 mari,
1143 3414 1230 3478 dixit
1258 3415 1386 3478 doctori
1406 3413 1595 3500 vincendo,
1610 3411 1686 3476 Cle-

336 3541 448 3598 ment:
476 3533 560 3599 ‘Per
584 3532 729 3599 Deumi'
759 3535 875 3617 inquit,
903 3540 1011 3618 ‘papa
1033 3535 1204 3617 Eugenius
1229 3556 1399 3617 nunquam
1425 3533 1562 3598 habebit
1585 3554 1688 3596 unum

336 3653 507 3716 denarium
523 3656 566 3719 de
588 3655 653 3719 illis
673 3656 777 3721 saccis
798 3655 943 3738 impletis
961 3656 1109 3738 pecunia,
1125 3657 1186 3720 nisi
1205 3658 1294 3739 prius
1316 3657 1440 3720 miserit
1459 3654 1556 3719 michi
1578 3655 1688 3718 literas

336 3795 412 3838 suas
435 3774 524 3857 quod
551 3775 703 3858 promisit
728 3776 826 3840 michi
852 3776 1171 3860 archiepiscopatum
1197 3773 1521 3842 Mediolanensem¹.’

424 3905 457 3971 [p.
476 3904 548 3972 605]
600 3897 689 3962 Xtus
729 3897 890 3961 concessit
928 3897 1155 3980 indulgencias
1190 3899 1298 3963 beatae
1330 3898 1489 3980 Brigittae,
1520 3898 1689 3979 quondam

336 4016 444 4080 viduae
470 4018 513 4081 de
540 4037 642 4104 regno
666 4016 810 4098 Sweciae,
833 4017 916 4083 tales
940 4018 1055 4100 quales
1077 4028 1155 4085 sunt
1178 4020 1211 4083 in
1235 4019 1374 4085 ecclesia
1398 4019 1513 4085 Sancti
1536 4018 1623 4082 Petri
1645 4020 1689 4084 ad

337 4137 478 4203 Vincula
502 4137 534 4200 in
557 4137 676 4216 Roma,
693 4138 726 4202 in
750 4139 880 4222 signum
905 4140 993 4222 quod
1018 4140 1107 4204 Xtus
1130 4141 1234 4205 voluit
1258 4162 1380 4224 papam
1399 4140 1573 4204 Urbanum
1596 4140 1690 4221 quin-

776 4274 785 4304 ¹
803 4276 845 4327 He
857 4292 907 4326 was
919 4277 992 4326 made
1004 4277 1098 4342 Bishop
1110 4277 1139 4327 of
1150 4278 1255 4328 Brescia.

981 4374 1006 4424 R
1029 4378 1047 4424 2
