3818 4904
313 423 373 494 172
688 417 787 472 LOCI
812 418 841 470 E
869 416 994 470 LIBRO
1030 416 1289 472 VERITATUM.

312 657 373 700 sua
402 636 478 699 viris
511 645 546 700 et
579 634 769 698 mulieribus
806 635 947 717 puplice,
978 634 1011 696 in
1044 633 1175 717 plateis,
1210 635 1356 698 clamans
1387 634 1577 717 saepissime,
1607 633 1664 700 ‘O

314 758 471 840 magister
493 756 633 831 Thoma‚
659 756 690 821 Ο
717 755 857 835 Thoma,
880 754 1048 820 Thomal'
1078 764 1113 819 et
1142 756 1285 820 inclusus
1315 759 1348 819 in
1376 758 1477 820 domo
1506 756 1667 821 violenter

314 899 375 960 per
404 879 494 957 alios,
526 880 643 941 eodem
676 898 763 941 anno
794 879 908 941 mortis
944 878 1093 960 praedicti
1124 878 1229 941 sancti
1266 877 1373 941 fratris
1411 889 1560 942 mortuus
1593 879 1666 942 suit.

318 999 403 1063 Haec
426 1000 513 1062 dixit
535 998 643 1073 michi,
667 998 807 1061 Thomae
828 998 1024 1080 Gascoigne,
1046 998 1147 1060 homo
1171 997 1290 1060 nobilis
1312 1000 1356 1061 de
1379 1019 1480 1080 regno
1499 999 1666 1081 Ungariae‚

316 1120 470 1182 dominus
498 1119 655 1182 Erasmus
682 1119 793 1182 Fullar
824 1121 986 1193 sacerdos,
1013 1120 1068 1202 qui
1098 1118 1170 1182 haec
1201 1120 1234 1182 in
1261 1119 1372 1183 Roma
1400 1120 1483 1184 vidit
1513 1131 1548 1183 et
1575 1120 1666 1183 novit

316 1240 352 1301 in
381 1251 532 1322 tempore
561 1261 658 1323 papae
689 1240 830 1323 Eugenii
857 1238 896 1317 4¹,
926 1241 981 1321 qui
1013 1239 1172 1302 Erasmus
1202 1240 1264 1303 suit
1295 1241 1328 1303 in
1357 1239 1446 1304 bello
1476 1250 1666 1323 perpetrato

316 1379 377 1441 per
413 1360 524 1422 Deum
558 1360 675 1442 Jesum
709 1360 825 1437 Xtum,
864 1380 950 1423 anno
981 1360 1041 1422 Xti
1078 1359 1169 1441 1456,
1201 1360 1234 1422 in
1268 1360 1353 1424 sesto
1384 1360 1518 1425 Sanctae
1550 1362 1667 1425 Mariae

317 1480 537 1563 Magdalenae‚
564 1482 597 1544 in
621 1481 712 1561 cujus
738 1481 823 1545 sesto
849 1480 957 1544 occisa
982 1480 1115 1544 suemnt
1139 1481 1182 1545 de
1207 1481 1324 1544 Turcis
1346 1482 1484 1565 paganis
1511 1483 1544 1545 in
1572 1503 1667 1546 exer-

316 1603 383 1666 citu
411 1601 616 1683 imperatoris
638 1601 832 1676 Tuscorum,
851 1599 1064 1664 Waldewach
1089 1602 1231 1676 nomine,
1259 1612 1392 1665 centum
1419 1600 1521 1664 millia
1542 1601 1667 1666 Turco·

315 1743 388 1785 rum
420 1733 454 1786 et
483 1721 723 1803 quinquaginta
753 1721 878 1798 millia3
910 1722 943 1783 in
973 1742 1040 1803 quo
1069 1721 1158 1784 bello
1192 1721 1280 1784 sacto
1311 1723 1344 1783 in
1376 1742 1477 1803 regno
1508 1722 1667 1804 Ungariae

315 1843 447 1906 suerunt
479 1842 656 1905 bellatores
691 1851 823 1905 tantum
854 1841 981 1923 Ungari
1011 1862 1078 1904 non
1108 1841 1182 1904 aliae
1216 1852 1340 1923 gentes,
1370 1842 1520 1924 exceptis
1552 1844 1667 1925 paucis

315 1962 507 2027 Teutonicis
526 1963 753 2026 habitantibus
774 1964 805 2025 in
824 1963 980 2044 Ungaria,
997 1964 1031 2025 in
1046 1963 1215 2045 provincia
1235 1986 1291 2027 seu
1311 1965 1417 2046 patria
1438 1985 1513 2047 quae
1531 1974 1668 2028 vocatur

317 2096 335 2163 7
354 2083 568 2160 Castrorum;
596 2093 629 2146 et
650 2084 826 2165 praedictus
845 2083 946 2146 frater
960 2082 1110 2146 Thomas
1134 2085 1177 2146 de
1197 2083 1309 2162 Calva,
1330 2086 1372 2148 de
1396 2094 1559 2149 conventu
1575 2086 1666 2150 Nea-

313 2203 463 2287 politano
490 2206 523 2268 in
551 2225 652 2286 regno
676 2202 845 2285 Neapolis,
865 2203 951 2279 iecit,
975 2214 1173 2286 cooperante
1197 2204 1281 2282 Deo,
1300 2215 1371 2267 tam
1398 2226 1520 2287 magna
1539 2213 1666 2268 ettam

313 2325 455 2407 plurima
477 2323 642 2401 miracula,
660 2325 749 2405 quod
772 2345 859 2406 papa
879 2323 1059 2387 Nicholaus
1083 2325 1217 2405 quintus
1243 2323 1346 2387 voluit
1372 2346 1448 2389 eum
1475 2326 1667 2389 canonizare

313 2456 348 2508 et
372 2446 405 2508 in
431 2445 583 2527 catalogo
606 2455 795 2508 sanctorum
821 2465 942 2508 nomen
969 2444 1039 2525 ejus
1062 2445 1212 2519 scribere,
1241 2445 1302 2508 ie.
1327 2446 1360 2507 in
1385 2444 1468 2508 libro
1495 2447 1537 2510 de
1560 2447 1666 2509 nomi·

315 2568 411 2631 nibus
433 2578 621 2630 sanctorum
644 2567 775 2648 propria
798 2586 898 2628 manu
925 2568 1025 2647 ipsius
1052 2585 1148 2646 papae
1172 2586 1293 2629 nomen
1316 2566 1386 2646 ejus
1413 2566 1583 2640 ascribere,
1607 2567 1666 2630 sed

315 2688 497 2752 cardinales
528 2689 717 2752 restiterunt
746 2708 843 2769 papae
871 2687 969 2750 valde
1000 2684 1095 2763 male,
1119 2697 1155 2749 ut
1185 2689 1293 2762 cred0,
1324 2688 1472 2751 dicentes
1502 2687 1570 2752 illi:
1605 2687 1666 2752 ‘Si

315 2809 359 2872 sit
388 2819 531 2886 sanctus,
555 2809 598 2871 sit
623 2820 774 2885 sanctus3
806 2829 865 2871 nos
896 2828 961 2871 non
991 2808 1143 2870 volumus
1170 2829 1246 2871 eum
1272 2808 1467 2884 canonizari,
1492 2809 1570 2891 quia
1599 2808 1667 2873 duo

315 2929 498 2994 cardinales
528 2950 606 2993 eum
632 2930 779 2993 comburi
808 2929 955 2993 fecerunt
980 2927 1013 2990 in
1045 2928 1157 2991 Roma
1171 2924 1189 3006 ;'
1218 2939 1252 2991 et
1281 2939 1352 2992 tum
1379 2928 1470 2991 nulla
1495 2929 1584 2993 mala
1605 2950 1667 2993 nec

315 3051 398 3115 salsa
427 3051 611 3124 affirmavit,
641 3052 699 3113 sed
731 3071 843 3114 eorum
875 3051 908 3112 in
935 3050 1044 3112 Roma
1077 3049 1288 3130 praedicando
1318 3050 1466 3115 recitavit
1492 3060 1526 3113 et
1556 3071 1665 3133 repre-

314 3171 432 3236 hendit
454 3181 488 3234 et
510 3170 598 3235 mala
621 3192 692 3234 esse
715 3191 829 3234 eorum
852 3190 952 3252 opera
974 3181 1008 3233 et
1030 3168 1211 3251 poenalium
1234 3169 1359 3233 illativa
1381 3192 1452 3234 esse
1475 3172 1629 3235 ostendit

401 3293 493 3376 Papa
520 3292 701 3357 Nicholaus
731 3293 865 3374 quintus
895 3291 1195 3354 excommunicavit
1225 3313 1363 3373 regnum
1390 3293 1557 3375 Ungariae,
1588 3293 1667 3375 quia

315 3417 480 3500 pecunias,
510 3414 665 3480 collectas
703 3415 748 3477 ibi
785 3435 844 3496 per
880 3412 1106 3494 indulgencias
1143 3433 1316 3477 concessas
1350 3436 1371 3477 a
1401 3435 1496 3497 papa,
1526 3433 1666 3496 regnum

314 3537 396 3601 illud
420 3537 609 3601 custodiunt
639 3537 701 3598 sub
726 3533 789 3618 3¹³¹¹⁵
810 3534 964 3611 clavibus,
986 3534 1029 3598 ad
1053 3536 1270 3616 pugnandum
1294 3543 1410 3599 contra
1430 3534 1576 3613 Turcos3
1599 3555 1667 3617 quo

315 3661 439 3735 audito,
459 3679 597 3742 regnum
614 3658 771 3740 Ungariae
794 3655 975 3738 appellavit
997 3677 1017 3719 a
1040 3657 1180 3738 pedibus
1202 3678 1299 3740 papae
1321 3655 1474 3719 Nicholai
1497 3657 1541 3719 ad
1563 3656 1667 3740 pedes

313 3781 387 3857 Xti,
413 3802 473 3863 pro
501 3780 593 3862 cujus
610 3827 762 3844 .......
778 3778 934 3861 pecunias
957 3778 1029 3841 illas
1051 3788 1283 3855 servaverant;
1310 3787 1344 3842 et
1365 3777 1548 3842 Nicholaus
1567 3798 1665 3860 papa,

314 3904 436 3968 timens
466 3903 557 3985 quod
585 3902 713 3984 Ungari
747 3901 951 3975 rebellarent,
980 3901 1070 3964 misit
1100 3901 1147 3964 eis
1177 3900 1325 3983 legatum
1353 3901 1546 3983 episcopum
1575 3901 1668 3963 Pisa·

315 4047 404 4104 num,
427 4026 470 4088 ad
497 4026 644 4087 dandum
666 4033 867 4105 potestatem
890 4023 1115 4086 sacerdotibus
1139 4023 1172 4085 in
1189 4022 1339 4104 Ungaria
1361 4022 1404 4085 ad
1427 4021 1666 4085 absolvendum

315 4167 432 4211 omnes
450 4148 483 4209 in
499 4146 554 4209 illo
573 4167 674 4229 regno
692 4147 736 4208 ab
758 4143 813 4207 illa
832 4144 1000 4208 sentencia
1021 4144 1387 4223 excommunicacionis,
1402 4153 1440 4208 ut
1459 4144 1547 4207 dixit
1567 4141 1668 4207 michi

314 4269 493 4351 praedictus
516 4268 674 4332 Erasmus
696 4266 816 4347 Fullar,
839 4267 993 4331 sacerdos
1016 4267 1058 4331 de
1082 4266 1265 4348 Hungaria,
1288 4287 1375 4330 anno
1398 4266 1459 4330 Xti
1484 4265 1578 4348 1456.
