<?xml version="1.0" encoding="UTF-8"?>
<!DOCTYPE html PUBLIC "-//W3C//DTD XHTML 1.0 Transitional//EN"
    "http://www.w3.org/TR/xhtml1/DTD/xhtml1-transitional.dtd">
<html xmlns="http://www.w3.org/1999/xhtml" xml:lang="en" lang="en">
 <head>
  <title>
</title>
<meta http-equiv="Content-Type" content="text/html;charset=utf-8" />
  <meta name='ocr-system' content='tesseract 3.04.00' />
  <meta name='ocr-capabilities' content='ocr_page ocr_carea ocr_par ocr_line ocrx_word'/>
</head>
<body>
  <div class='ocr_page' id='page_1' title='image "./locielibroverit00gascgoog/locielibroverit00gascgoog_0271.png"; bbox 0 0 3818 4904; ppageno 0'>
   <div class='ocr_carea' id='block_1_1' title="bbox 327 376 1298 444">
    <p class='ocr_par' dir='ltr' id='par_1_1' title="bbox 327 376 1298 444">
     <span class='ocr_line' id='line_1_1' title="bbox 327 376 1298 444; baseline 0.011 -19"><span class='ocrx_word' id='word_1_1' title='bbox 327 380 386 444; x_wconf 88' lang='lat'>170</span> <span class='ocrx_word' id='word_1_2' title='bbox 701 376 800 431; x_wconf 83' lang='lat' dir='ltr'>Locl</span> <span class='ocrx_word' id='word_1_3' title='bbox 826 378 854 430; x_wconf 87' lang='lat' dir='ltr'><em>E</em></span> <span class='ocrx_word' id='word_1_4' title='bbox 882 377 1006 433; x_wconf 90' lang='lat' dir='ltr'><em>LIBRO</em></span> <span class='ocrx_word' id='word_1_5' title='bbox 1041 379 1298 436; x_wconf 81' lang='lat' dir='ltr'><em>VERITATUM.</em></span> 
     </span>
    </p>
   </div>
   <div class='ocr_carea' id='block_1_2' title="bbox 321 589 1676 3812">
    <p class='ocr_par' dir='ltr' id='par_1_2' title="bbox 321 589 1676 1875">
     <span class='ocr_line' id='line_1_2' title="bbox 324 589 1673 674; baseline 0.004 -23"><span class='ocrx_word' id='word_1_6' title='bbox 324 589 495 671; x_wconf 88' lang='lat' dir='ltr'>religiosus</span> <span class='ocrx_word' id='word_1_7' title='bbox 519 592 552 653; x_wconf 92' lang='lat' dir='ltr'>in</span> <span class='ocrx_word' id='word_1_8' title='bbox 576 591 777 655; x_wconf 89' lang='lat' dir='ltr'>monasterio</span> <span class='ocrx_word' id='word_1_9' title='bbox 800 590 893 674; x_wconf 91' lang='lat' dir='ltr'>Syon</span> <span class='ocrx_word' id='word_1_10' title='bbox 917 591 950 655; x_wconf 90' lang='lat' dir='ltr'>in</span> <span class='ocrx_word' id='word_1_11' title='bbox 967 592 1101 674; x_wconf 86' lang='lat' dir='ltr'>Anglia,</span> <span class='ocrx_word' id='word_1_12' title='bbox 1120 593 1198 657; x_wconf 90' lang='lat' dir='ltr'>secit</span> <span class='ocrx_word' id='word_1_13' title='bbox 1220 593 1317 656; x_wconf 86' lang='lat' dir='ltr'>scribi</span> <span class='ocrx_word' id='word_1_14' title='bbox 1340 593 1468 670; x_wconf 86' lang='lat' dir='ltr'>Romae,</span> <span class='ocrx_word' id='word_1_15' title='bbox 1492 595 1673 658; x_wconf 89' lang='lat' dir='ltr'>secundum</span> 
     </span>
     <span class='ocr_line' id='line_1_3' title="bbox 325 710 1674 795; baseline 0.005 -23"><span class='ocrx_word' id='word_1_16' title='bbox 325 710 517 793; x_wconf 89' lang='lat' dir='ltr'>Registmm</span> <span class='ocrx_word' id='word_1_17' title='bbox 541 731 637 794; x_wconf 89' lang='lat' dir='ltr'>papae</span> <span class='ocrx_word' id='word_1_18' title='bbox 661 712 796 776; x_wconf 92' lang='lat' dir='ltr'>Martini</span> <span class='ocrx_word' id='word_1_19' title='bbox 822 713 937 795; x_wconf 92' lang='lat' dir='ltr'>quinti,</span> <span class='ocrx_word' id='word_1_20' title='bbox 957 713 1091 795; x_wconf 91' lang='lat' dir='ltr'>quando</span> <span class='ocrx_word' id='word_1_21' title='bbox 1114 714 1203 777; x_wconf 92' lang='lat' dir='ltr'>idem</span> <span class='ocrx_word' id='word_1_22' title='bbox 1225 712 1354 795; x_wconf 92' lang='lat' dir='ltr'>Symon</span> <span class='ocrx_word' id='word_1_23' title='bbox 1375 712 1527 795; x_wconf 90' lang='lat' dir='ltr'>Wynter,</span> <span class='ocrx_word' id='word_1_24' title='bbox 1549 715 1674 779; x_wconf 86' lang='lat' dir='ltr'>ordinis</span> 
     </span>
     <span class='ocr_line' id='line_1_4' title="bbox 325 829 1672 917; baseline 0.003 -22"><span class='ocrx_word' id='word_1_25' title='bbox 325 829 439 895; x_wconf 89' lang='lat' dir='ltr'>Sancti</span> <span class='ocrx_word' id='word_1_26' title='bbox 461 831 650 907; x_wconf 86' lang='lat' dir='ltr'>Salvatoris,</span> <span class='ocrx_word' id='word_1_27' title='bbox 675 831 736 895; x_wconf 85' lang='lat' dir='ltr'>luit</span> <span class='ocrx_word' id='word_1_28' title='bbox 761 834 880 897; x_wconf 84' lang='lat' dir='ltr'>Romae</span> <span class='ocrx_word' id='word_1_29' title='bbox 907 854 982 897; x_wconf 93' lang='lat' dir='ltr'>cum</span> <span class='ocrx_word' id='word_1_30' title='bbox 1006 833 1141 897; x_wconf 90' lang='lat' dir='ltr'>domino</span> <span class='ocrx_word' id='word_1_31' title='bbox 1164 832 1296 896; x_wconf 86' lang='lat' dir='ltr'>Thoma</span> <span class='ocrx_word' id='word_1_32' title='bbox 1317 832 1539 916; x_wconf 91' lang='lat' dir='ltr'>Fyschbome,</span> <span class='ocrx_word' id='word_1_33' title='bbox 1564 836 1672 917; x_wconf 91' lang='lat' dir='ltr'>primo</span> 
     </span>
     <span class='ocr_line' id='line_1_5' title="bbox 322 952 1672 1037; baseline 0.003 -21"><span class='ocrx_word' id='word_1_34' title='bbox 322 953 508 1017; x_wconf 85' lang='lat' dir='ltr'>consessore</span> <span class='ocrx_word' id='word_1_35' title='bbox 531 952 675 1035; x_wconf 88' lang='lat' dir='ltr'>generali</span> <span class='ocrx_word' id='word_1_36' title='bbox 703 953 735 1016; x_wconf 89' lang='lat' dir='ltr'>in</span> <span class='ocrx_word' id='word_1_37' title='bbox 764 955 963 1018; x_wconf 91' lang='lat' dir='ltr'>monasterio</span> <span class='ocrx_word' id='word_1_38' title='bbox 985 953 1088 1037; x_wconf 74' lang='lat' dir='ltr'>syon,</span> <span class='ocrx_word' id='word_1_39' title='bbox 1111 974 1210 1036; x_wconf 91' lang='lat' dir='ltr'>quem</span> <span class='ocrx_word' id='word_1_40' title='bbox 1235 954 1353 1036; x_wconf 91' lang='lat' dir='ltr'>vulgus</span> <span class='ocrx_word' id='word_1_41' title='bbox 1379 964 1477 1018; x_wconf 89' lang='lat' dir='ltr'>vocat</span> <span class='ocrx_word' id='word_1_42' title='bbox 1501 954 1672 1035; x_wconf 90' lang='lat' dir='ltr'>Scheene;</span> 
     </span>
     <span class='ocr_line' id='line_1_6' title="bbox 323 1073 1674 1157; baseline 0.004 -22"><span class='ocrx_word' id='word_1_43' title='bbox 323 1073 380 1154; x_wconf 92' lang='lat' dir='ltr'>qui</span> <span class='ocrx_word' id='word_1_44' title='bbox 410 1073 584 1148; x_wconf 88' lang='lat' dir='ltr'>consessor,</span> <span class='ocrx_word' id='word_1_45' title='bbox 608 1082 686 1137; x_wconf 89' lang='lat' dir='ltr'>ante</span> <span class='ocrx_word' id='word_1_46' title='bbox 716 1073 886 1138; x_wconf 92' lang='lat' dir='ltr'>introitum</span> <span class='ocrx_word' id='word_1_47' title='bbox 917 1075 950 1136; x_wconf 96' lang='lat' dir='ltr'>in</span> <span class='ocrx_word' id='word_1_48' title='bbox 981 1074 1181 1156; x_wconf 86' lang='lat' dir='ltr'>religionem,</span> <span class='ocrx_word' id='word_1_49' title='bbox 1203 1074 1265 1137; x_wconf 85' lang='lat' dir='ltr'>suit</span> <span class='ocrx_word' id='word_1_50' title='bbox 1299 1094 1438 1157; x_wconf 90' lang='lat' dir='ltr'>magnus</span> <span class='ocrx_word' id='word_1_51' title='bbox 1467 1076 1610 1157; x_wconf 88' lang='lat' dir='ltr'>armiger</span> <span class='ocrx_word' id='word_1_52' title='bbox 1639 1088 1674 1141; x_wconf 89' lang='lat' dir='ltr'>et</span> 
     </span>
     <span class='ocr_line' id='line_1_7' title="bbox 324 1193 1673 1281; baseline 0.004 -25"><span class='ocrx_word' id='word_1_53' title='bbox 324 1193 467 1258; x_wconf 91' lang='lat' dir='ltr'>denotus</span> <span class='ocrx_word' id='word_1_54' title='bbox 491 1193 524 1256; x_wconf 92' lang='lat' dir='ltr'>in</span> <span class='ocrx_word' id='word_1_55' title='bbox 548 1193 641 1258; x_wconf 89' lang='lat' dir='ltr'>boria</span> <span class='ocrx_word' id='word_1_56' title='bbox 663 1193 807 1276; x_wconf 87' lang='lat' dir='ltr'>Angliae,</span> <span class='ocrx_word' id='word_1_57' title='bbox 823 1204 921 1258; x_wconf 90' lang='lat' dir='ltr'>natus</span> <span class='ocrx_word' id='word_1_58' title='bbox 946 1195 1034 1258; x_wconf 91' lang='lat' dir='ltr'>ultra</span> <span class='ocrx_word' id='word_1_59' title='bbox 1055 1194 1254 1271; x_wconf 86' lang='lat' dir='ltr'>Eboracum,</span> <span class='ocrx_word' id='word_1_60' title='bbox 1276 1215 1376 1277; x_wconf 89' lang='lat' dir='ltr'>quem</span> <span class='ocrx_word' id='word_1_61' title='bbox 1402 1214 1465 1276; x_wconf 85' lang='lat' dir='ltr'>ego</span> <span class='ocrx_word' id='word_1_62' title='bbox 1486 1194 1673 1281; x_wconf 86' lang='lat' dir='ltr'>Gascoigne</span> 
     </span>
     <span class='ocr_line' id='line_1_8' title="bbox 322 1313 1674 1398; baseline 0.004 -22"><span class='ocrx_word' id='word_1_63' title='bbox 322 1313 400 1390; x_wconf 91' lang='lat' dir='ltr'>vidi,</span> <span class='ocrx_word' id='word_1_64' title='bbox 426 1324 460 1378; x_wconf 86' lang='lat' dir='ltr'>et</span> <span class='ocrx_word' id='word_1_65' title='bbox 490 1314 587 1378; x_wconf 90' lang='lat' dir='ltr'>valde</span> <span class='ocrx_word' id='word_1_66' title='bbox 612 1315 687 1378; x_wconf 91' lang='lat' dir='ltr'>Deo</span> <span class='ocrx_word' id='word_1_67' title='bbox 716 1315 874 1379; x_wconf 90' lang='lat' dir='ltr'>devotum</span> <span class='ocrx_word' id='word_1_68' title='bbox 897 1316 1067 1398; x_wconf 86' lang='lat' dir='ltr'>reputavi:</span> <span class='ocrx_word' id='word_1_69' title='bbox 1098 1324 1132 1379; x_wconf 89' lang='lat' dir='ltr'>et</span> <span class='ocrx_word' id='word_1_70' title='bbox 1159 1315 1279 1378; x_wconf 92' lang='lat' dir='ltr'>librum</span> <span class='ocrx_word' id='word_1_71' title='bbox 1310 1316 1504 1398; x_wconf 80' lang='lat' dir='ltr'>praedictum</span> <span class='ocrx_word' id='word_1_72' title='bbox 1534 1325 1674 1382; x_wconf 88' lang='lat' dir='ltr'>attesta-</span> 
     </span>
     <span class='ocr_line' id='line_1_9' title="bbox 323 1434 1673 1518; baseline 0.005 -23"><span class='ocrx_word' id='word_1_73' title='bbox 323 1435 455 1496; x_wconf 90' lang='lat' dir='ltr'>cionum</span> <span class='ocrx_word' id='word_1_74' title='bbox 485 1435 562 1498; x_wconf 94' lang='lat' dir='ltr'>dedi</span> <span class='ocrx_word' id='word_1_75' title='bbox 592 1435 792 1499; x_wconf 89' lang='lat' dir='ltr'>monasterio</span> <span class='ocrx_word' id='word_1_76' title='bbox 825 1437 868 1499; x_wconf 90' lang='lat' dir='ltr'>de</span> <span class='ocrx_word' id='word_1_77' title='bbox 893 1436 1008 1518; x_wconf 91' lang='lat' dir='ltr'>Osney</span> <span class='ocrx_word' id='word_1_78' title='bbox 1034 1435 1135 1517; x_wconf 86' lang='lat' dir='ltr'>juxta</span> <span class='ocrx_word' id='word_1_79' title='bbox 1166 1435 1355 1514; x_wconf 87' lang='lat' dir='ltr'>Oxoniam;</span> <span class='ocrx_word' id='word_1_80' title='bbox 1387 1446 1421 1500; x_wconf 93' lang='lat' dir='ltr'>et</span> <span class='ocrx_word' id='word_1_81' title='bbox 1450 1434 1522 1500; x_wconf 89' lang='lat' dir='ltr'>haec</span> <span class='ocrx_word' id='word_1_82' title='bbox 1548 1437 1673 1502; x_wconf 85' lang='lat' dir='ltr'>Sancta</span> 
     </span>
     <span class='ocr_line' id='line_1_10' title="bbox 323 1552 1674 1637; baseline 0.003 -21"><span class='ocrx_word' id='word_1_83' title='bbox 323 1552 473 1636; x_wconf 91' lang='lat' dir='ltr'>Birgitta,</span> <span class='ocrx_word' id='word_1_84' title='bbox 495 1564 647 1620; x_wconf 90' lang='lat' dir='ltr'>matrona</span> <span class='ocrx_word' id='word_1_85' title='bbox 673 1557 716 1619; x_wconf 90' lang='lat' dir='ltr'>de</span> <span class='ocrx_word' id='word_1_86' title='bbox 743 1576 843 1636; x_wconf 89' lang='lat' dir='ltr'>regno</span> <span class='ocrx_word' id='word_1_87' title='bbox 865 1554 993 1620; x_wconf 87' lang='lat' dir='ltr'>Sueciae</span> <span class='ocrx_word' id='word_1_88' title='bbox 1020 1566 1054 1620; x_wconf 93' lang='lat' dir='ltr'>et</span> <span class='ocrx_word' id='word_1_89' title='bbox 1076 1567 1236 1637; x_wconf 89' lang='lat' dir='ltr'>perpetua</span> <span class='ocrx_word' id='word_1_90' title='bbox 1263 1556 1323 1619; x_wconf 92' lang='lat' dir='ltr'>Xti</span> <span class='ocrx_word' id='word_1_91' title='bbox 1347 1555 1426 1636; x_wconf 91' lang='lat' dir='ltr'>Jesu</span> <span class='ocrx_word' id='word_1_92' title='bbox 1454 1576 1585 1637; x_wconf 90' lang='lat' dir='ltr'>sponsa,</span> <span class='ocrx_word' id='word_1_93' title='bbox 1612 1556 1674 1621; x_wconf 83' lang='lat' dir='ltr'>luit</span> 
     </span>
     <span class='ocr_line' id='line_1_11' title="bbox 323 1672 1676 1759; baseline 0.004 -24"><span class='ocrx_word' id='word_1_94' title='bbox 323 1672 442 1738; x_wconf 87' lang='lat' dir='ltr'>Romae</span> <span class='ocrx_word' id='word_1_95' title='bbox 478 1677 672 1741; x_wconf 87' lang='lat' dir='ltr'>canonizata</span> <span class='ocrx_word' id='word_1_96' title='bbox 706 1696 765 1758; x_wconf 92' lang='lat' dir='ltr'>per</span> <span class='ocrx_word' id='word_1_97' title='bbox 801 1696 923 1759; x_wconf 90' lang='lat' dir='ltr'>papam</span> <span class='ocrx_word' id='word_1_98' title='bbox 953 1675 1158 1740; x_wconf 82' lang='lat' dir='ltr'>Boniiacium</span> <span class='ocrx_word' id='word_1_99' title='bbox 1190 1676 1258 1752; x_wconf 71' lang='lat' dir='ltr'>ixm,</span> <span class='ocrx_word' id='word_1_100' title='bbox 1299 1696 1331 1738; x_wconf 95' lang='lat' dir='ltr'>m</span> <span class='ocrx_word' id='word_1_101' title='bbox 1362 1695 1417 1740; x_wconf 90' lang='lat' dir='ltr'>ccc</span> <span class='ocrx_word' id='word_1_102' title='bbox 1458 1678 1676 1759; x_wconf 88' lang='lat' dir='ltr'>nonagesimo·</span> 
     </span>
     <span class='ocr_line' id='line_1_12' title="bbox 321 1795 902 1875; baseline 0.005 -19"><span class='ocrx_word' id='word_1_103' title='bbox 321 1795 437 1875; x_wconf 91' lang='lat' dir='ltr'>primo,</span> <span class='ocrx_word' id='word_1_104' title='bbox 462 1802 495 1875; x_wconf 89' lang='lat'>7⁰</span> <span class='ocrx_word' id='word_1_105' title='bbox 517 1797 571 1859; x_wconf 91' lang='lat' dir='ltr'>die</span> <span class='ocrx_word' id='word_1_106' title='bbox 594 1798 716 1860; x_wconf 86' lang='lat' dir='ltr'>mensis</span> <span class='ocrx_word' id='word_1_107' title='bbox 740 1795 902 1862; x_wconf 85' lang='lat' dir='ltr'>Octobris.</span> 
     </span>
    </p>

    <p class='ocr_par' dir='ltr' id='par_1_3' title="bbox 321 1905 1675 3570">
     <span class='ocr_line' id='line_1_13' title="bbox 409 1905 1674 2001; baseline 0.002 -22"><span class='ocrx_word' id='word_1_108' title='bbox 409 1923 540 1992; x_wconf 83' lang='lat' dir='ltr'>[p.190.]</span> <span class='ocrx_word' id='word_1_109' title='bbox 585 1916 694 1999; x_wconf 87' lang='lat' dir='ltr'>Quem</span> <span class='ocrx_word' id='word_1_110' title='bbox 725 1926 857 1981; x_wconf 87' lang='lat' dir='ltr'>textum</span> <span class='ocrx_word' id='word_1_111' title='bbox 886 1918 972 1981; x_wconf 90' lang='lat' dir='ltr'>bene</span> <span class='ocrx_word' id='word_1_112' title='bbox 1002 1916 1149 1981; x_wconf 82' lang='lat' dir='ltr'>declarat</span> <span class='ocrx_word' id='word_1_113' title='bbox 1175 1917 1328 1980; x_wconf 90' lang='lat' dir='ltr'>dominus</span> <span class='ocrx_word' id='word_1_114' title='bbox 1355 1905 1495 1981; x_wconf 90' lang='lat' dir='ltr'>Lincoln</span> <span class='ocrx_word' id='word_1_115' title='bbox 1524 1918 1557 1980; x_wconf 91' lang='lat' dir='ltr'>in</span> <span class='ocrx_word' id='word_1_116' title='bbox 1588 1918 1674 2001; x_wconf 90' lang='lat' dir='ltr'>epis·</span> 
     </span>
     <span class='ocr_line' id='line_1_14' title="bbox 322 2034 1672 2121; baseline 0.003 -23"><span class='ocrx_word' id='word_1_117' title='bbox 322 2034 392 2099; x_wconf 88' lang='lat' dir='ltr'>tola</span> <span class='ocrx_word' id='word_1_118' title='bbox 418 2056 477 2099; x_wconf 89' lang='lat' dir='ltr'>sua</span> <span class='ocrx_word' id='word_1_119' title='bbox 501 2037 689 2117; x_wconf 88' lang='lat' dir='ltr'>responsiva</span> <span class='ocrx_word' id='word_1_120' title='bbox 715 2037 758 2101; x_wconf 91' lang='lat' dir='ltr'>ad</span> <span class='ocrx_word' id='word_1_121' title='bbox 782 2037 958 2120; x_wconf 88' lang='lat' dir='ltr'>epistolam</span> <span class='ocrx_word' id='word_1_122' title='bbox 982 2057 1079 2119; x_wconf 86' lang='lat' dir='ltr'>papae</span> <span class='ocrx_word' id='word_1_123' title='bbox 1103 2035 1292 2101; x_wconf 89' lang='lat' dir='ltr'>Innocencii</span> <span class='ocrx_word' id='word_1_124' title='bbox 1314 2036 1451 2100; x_wconf 87' lang='lat' dir='ltr'>missam</span> <span class='ocrx_word' id='word_1_125' title='bbox 1473 2058 1493 2100; x_wconf 90' lang='lat' dir='ltr'>a</span> <span class='ocrx_word' id='word_1_126' title='bbox 1515 2057 1602 2121; x_wconf 90' lang='lat' dir='ltr'>papa</span> <span class='ocrx_word' id='word_1_127' title='bbox 1628 2039 1672 2102; x_wconf 89' lang='lat' dir='ltr'>ad</span> 
     </span>
     <span class='ocr_line' id='line_1_15' title="bbox 323 2154 1674 2241; baseline 0.001 -20"><span class='ocrx_word' id='word_1_128' title='bbox 323 2154 589 2221; x_wconf 86' lang='lat' dir='ltr'>archidiaconum</span> <span class='ocrx_word' id='word_1_129' title='bbox 617 2156 898 2236; x_wconf 79' lang='lat' dir='ltr'>cantuariensem,</span> <span class='ocrx_word' id='word_1_130' title='bbox 929 2168 963 2222; x_wconf 89' lang='lat' dir='ltr'>et</span> <span class='ocrx_word' id='word_1_131' title='bbox 996 2159 1039 2221; x_wconf 91' lang='lat' dir='ltr'>ad</span> <span class='ocrx_word' id='word_1_132' title='bbox 1070 2157 1306 2222; x_wconf 89' lang='lat' dir='ltr'>Innocencium</span> <span class='ocrx_word' id='word_1_133' title='bbox 1335 2156 1547 2221; x_wconf 86' lang='lat' dir='ltr'>collectorem</span> <span class='ocrx_word' id='word_1_134' title='bbox 1576 2179 1674 2241; x_wconf 89' lang='lat' dir='ltr'>papae</span> 
     </span>
     <span class='ocr_line' id='line_1_16' title="bbox 322 2275 1675 2362; baseline 0.001 -23"><span class='ocrx_word' id='word_1_135' title='bbox 322 2277 356 2339; x_wconf 91' lang='lat' dir='ltr'>in</span> <span class='ocrx_word' id='word_1_136' title='bbox 382 2275 508 2360; x_wconf 89' lang='lat' dir='ltr'>Anglia</span> <span class='ocrx_word' id='word_1_137' title='bbox 537 2299 597 2362; x_wconf 93' lang='lat' dir='ltr'>pro</span> <span class='ocrx_word' id='word_1_138' title='bbox 627 2279 812 2361; x_wconf 89' lang='lat' dir='ltr'>provisione</span> <span class='ocrx_word' id='word_1_139' title='bbox 850 2280 1063 2344; x_wconf 87' lang='lat' dir='ltr'>canonicatus</span> <span class='ocrx_word' id='word_1_140' title='bbox 1093 2278 1216 2360; x_wconf 91' lang='lat' dir='ltr'>juveni,</span> <span class='ocrx_word' id='word_1_141' title='bbox 1247 2278 1439 2342; x_wconf 87' lang='lat' dir='ltr'>Fredericus</span> <span class='ocrx_word' id='word_1_142' title='bbox 1469 2279 1610 2356; x_wconf 91' lang='lat' dir='ltr'>nomine,</span> <span class='ocrx_word' id='word_1_143' title='bbox 1640 2280 1675 2341; x_wconf 92' lang='lat' dir='ltr'>in</span> 
     </span>
     <span class='ocr_line' id='line_1_17' title="bbox 323 2397 1674 2483; baseline 0.002 -22"><span class='ocrx_word' id='word_1_144' title='bbox 323 2397 460 2462; x_wconf 86' lang='lat' dir='ltr'>ecclesia</span> <span class='ocrx_word' id='word_1_145' title='bbox 485 2399 717 2478; x_wconf 90' lang='lat' dir='ltr'>Lincolniensi,</span> <span class='ocrx_word' id='word_1_146' title='bbox 742 2401 793 2464; x_wconf 90' lang='lat' dir='ltr'>cui</span> <span class='ocrx_word' id='word_1_147' title='bbox 817 2400 994 2483; x_wconf 91' lang='lat' dir='ltr'>provisioni</span> <span class='ocrx_word' id='word_1_148' title='bbox 1019 2398 1138 2463; x_wconf 84' lang='lat' dir='ltr'>fiendae</span> <span class='ocrx_word' id='word_1_149' title='bbox 1164 2419 1223 2481; x_wconf 90' lang='lat' dir='ltr'>per</span> <span class='ocrx_word' id='word_1_150' title='bbox 1249 2398 1376 2462; x_wconf 92' lang='lat' dir='ltr'>bullam</span> <span class='ocrx_word' id='word_1_151' title='bbox 1400 2420 1497 2483; x_wconf 85' lang='lat' dir='ltr'>papae</span> <span class='ocrx_word' id='word_1_152' title='bbox 1520 2401 1674 2464; x_wconf 88' lang='lat' dir='ltr'>dominus</span> 
     </span>
     <span class='ocr_line' id='line_1_18' title="bbox 323 2518 1674 2603; baseline 0.002 -22"><span class='ocrx_word' id='word_1_153' title='bbox 323 2518 563 2583; x_wconf 89' lang='lat' dir='ltr'>Lincolniensis</span> <span class='ocrx_word' id='word_1_154' title='bbox 594 2541 659 2583; x_wconf 93' lang='lat' dir='ltr'>non</span> <span class='ocrx_word' id='word_1_155' title='bbox 689 2521 793 2584; x_wconf 93' lang='lat' dir='ltr'>voluit</span> <span class='ocrx_word' id='word_1_156' title='bbox 822 2521 1015 2596; x_wconf 90' lang='lat' dir='ltr'>consentire,</span> <span class='ocrx_word' id='word_1_157' title='bbox 1048 2521 1107 2583; x_wconf 89' lang='lat' dir='ltr'>sed</span> <span class='ocrx_word' id='word_1_158' title='bbox 1140 2519 1352 2599; x_wconf 86' lang='lat' dir='ltr'>contradixit,</span> <span class='ocrx_word' id='word_1_159' title='bbox 1382 2521 1495 2584; x_wconf 90' lang='lat' dir='ltr'>dicens</span> <span class='ocrx_word' id='word_1_160' title='bbox 1526 2520 1560 2582; x_wconf 92' lang='lat' dir='ltr'>in</span> <span class='ocrx_word' id='word_1_161' title='bbox 1589 2541 1674 2603; x_wconf 86' lang='lat' dir='ltr'>prae·</span> 
     </span>
     <span class='ocr_line' id='line_1_19' title="bbox 321 2638 1673 2724; baseline 0.001 -23"><span class='ocrx_word' id='word_1_162' title='bbox 321 2638 411 2703; x_wconf 88' lang='lat' dir='ltr'>dicta</span> <span class='ocrx_word' id='word_1_163' title='bbox 436 2640 577 2721; x_wconf 86' lang='lat' dir='ltr'>epistola</span> <span class='ocrx_word' id='word_1_164' title='bbox 599 2661 658 2704; x_wconf 90' lang='lat' dir='ltr'>sua</span> <span class='ocrx_word' id='word_1_165' title='bbox 683 2641 873 2724; x_wconf 86' lang='lat' dir='ltr'>responsiva</span> <span class='ocrx_word' id='word_1_166' title='bbox 897 2641 988 2723; x_wconf 94' lang='lat' dir='ltr'>quod</span> <span class='ocrx_word' id='word_1_167' title='bbox 1012 2641 1188 2723; x_wconf 91' lang='lat' dir='ltr'>providens</span> <span class='ocrx_word' id='word_1_168' title='bbox 1211 2640 1263 2704; x_wconf 91' lang='lat' dir='ltr'>vel</span> <span class='ocrx_word' id='word_1_169' title='bbox 1287 2640 1412 2722; x_wconf 88' lang='lat' dir='ltr'>eligens</span> <span class='ocrx_word' id='word_1_170' title='bbox 1441 2640 1543 2705; x_wconf 84' lang='lat' dir='ltr'>talem</span> <span class='ocrx_word' id='word_1_171' title='bbox 1565 2640 1673 2724; x_wconf 90' lang='lat' dir='ltr'>indig-</span> 
     </span>
     <span class='ocr_line' id='line_1_20' title="bbox 321 2759 1673 2844; baseline 0.002 -22"><span class='ocrx_word' id='word_1_172' title='bbox 321 2779 402 2822; x_wconf 92' lang='lat' dir='ltr'>num</span> <span class='ocrx_word' id='word_1_173' title='bbox 428 2759 461 2822; x_wconf 92' lang='lat' dir='ltr'>in</span> <span class='ocrx_word' id='word_1_174' title='bbox 488 2760 626 2824; x_wconf 87' lang='lat' dir='ltr'>ecclesia</span> <span class='ocrx_word' id='word_1_175' title='bbox 649 2772 700 2826; x_wconf 90' lang='lat' dir='ltr'>est</span> <span class='ocrx_word' id='word_1_176' title='bbox 730 2762 822 2844; x_wconf 92' lang='lat' dir='ltr'>pejor</span> <span class='ocrx_word' id='word_1_177' title='bbox 848 2761 1014 2825; x_wconf 91' lang='lat' dir='ltr'>sodomita</span> <span class='ocrx_word' id='word_1_178' title='bbox 1037 2761 1206 2844; x_wconf 86' lang='lat' dir='ltr'>corporali,</span> <span class='ocrx_word' id='word_1_179' title='bbox 1229 2763 1307 2844; x_wconf 86' lang='lat' dir='ltr'>quia</span> <span class='ocrx_word' id='word_1_180' title='bbox 1329 2761 1405 2825; x_wconf 82' lang='lat' dir='ltr'>talis</span> <span class='ocrx_word' id='word_1_181' title='bbox 1429 2762 1598 2825; x_wconf 87' lang='lat' dir='ltr'>ordinator</span> <span class='ocrx_word' id='word_1_182' title='bbox 1619 2762 1673 2825; x_wconf 93' lang='lat' dir='ltr'>vel</span> 
     </span>
     <span class='ocr_line' id='line_1_21' title="bbox 322 2881 1673 2964; baseline 0.002 -22"><span class='ocrx_word' id='word_1_183' title='bbox 322 2881 500 2961; x_wconf 90' lang='lat' dir='ltr'>providens</span> <span class='ocrx_word' id='word_1_184' title='bbox 528 2882 630 2945; x_wconf 89' lang='lat' dir='ltr'>talem</span> <span class='ocrx_word' id='word_1_185' title='bbox 661 2882 832 2964; x_wconf 91' lang='lat' dir='ltr'>indignum</span> <span class='ocrx_word' id='word_1_186' title='bbox 859 2882 999 2964; x_wconf 90' lang='lat' dir='ltr'>impedit</span> <span class='ocrx_word' id='word_1_187' title='bbox 1026 2890 1060 2945; x_wconf 89' lang='lat' dir='ltr'>et</span> <span class='ocrx_word' id='word_1_188' title='bbox 1089 2882 1230 2946; x_wconf 90' lang='lat' dir='ltr'>destruit</span> <span class='ocrx_word' id='word_1_189' title='bbox 1257 2881 1510 2963; x_wconf 86' lang='lat' dir='ltr'>generacionem</span> <span class='ocrx_word' id='word_1_190' title='bbox 1541 2883 1673 2964; x_wconf 92' lang='lat' dir='ltr'>spiritu·</span> 
     </span>
     <span class='ocr_line' id='line_1_22' title="bbox 322 2997 1673 3084; baseline 0.004 -22"><span class='ocrx_word' id='word_1_191' title='bbox 322 2997 410 3063; x_wconf 89' lang='lat' dir='ltr'>alem</span> <span class='ocrx_word' id='word_1_192' title='bbox 425 3000 585 3066; x_wconf 91' lang='lat' dir='ltr'>virtutum</span> <span class='ocrx_word' id='word_1_193' title='bbox 607 3002 639 3064; x_wconf 88' lang='lat' dir='ltr'>in</span> <span class='ocrx_word' id='word_1_194' title='bbox 655 3002 828 3066; x_wconf 90' lang='lat' dir='ltr'>animabus</span> <span class='ocrx_word' id='word_1_195' title='bbox 843 3001 1023 3080; x_wconf 91' lang='lat' dir='ltr'>hominum,</span> <span class='ocrx_word' id='word_1_196' title='bbox 1039 3022 1123 3084; x_wconf 89' lang='lat' dir='ltr'>quas</span> <span class='ocrx_word' id='word_1_197' title='bbox 1139 3003 1247 3066; x_wconf 89' lang='lat' dir='ltr'>bonus</span> <span class='ocrx_word' id='word_1_198' title='bbox 1266 3011 1398 3066; x_wconf 89' lang='lat' dir='ltr'>curatus</span> <span class='ocrx_word' id='word_1_199' title='bbox 1412 3003 1520 3066; x_wconf 92' lang='lat' dir='ltr'>verbis</span> <span class='ocrx_word' id='word_1_200' title='bbox 1540 3002 1673 3079; x_wconf 86' lang='lat' dir='ltr'>sanctis,</span> 
     </span>
     <span class='ocr_line' id='line_1_23' title="bbox 323 3121 1674 3204; baseline 0.003 -21"><span class='ocrx_word' id='word_1_201' title='bbox 323 3129 357 3183; x_wconf 92' lang='lat' dir='ltr'>et</span> <span class='ocrx_word' id='word_1_202' title='bbox 387 3122 559 3203; x_wconf 83' lang='lat' dir='ltr'>exemplis,</span> <span class='ocrx_word' id='word_1_203' title='bbox 590 3132 623 3187; x_wconf 91' lang='lat' dir='ltr'>et</span> <span class='ocrx_word' id='word_1_204' title='bbox 655 3123 809 3187; x_wconf 90' lang='lat' dir='ltr'>subsidiis</span> <span class='ocrx_word' id='word_1_205' title='bbox 838 3133 989 3188; x_wconf 86' lang='lat' dir='ltr'>causaret</span> <span class='ocrx_word' id='word_1_206' title='bbox 1018 3123 1051 3186; x_wconf 93' lang='lat' dir='ltr'>in</span> <span class='ocrx_word' id='word_1_207' title='bbox 1081 3123 1223 3186; x_wconf 89' lang='lat' dir='ltr'>subditis</span> <span class='ocrx_word' id='word_1_208' title='bbox 1258 3122 1347 3201; x_wconf 87' lang='lat' dir='ltr'>suis;</span> <span class='ocrx_word' id='word_1_209' title='bbox 1385 3130 1419 3187; x_wconf 91' lang='lat' dir='ltr'>et</span> <span class='ocrx_word' id='word_1_210' title='bbox 1448 3121 1504 3186; x_wconf 91' lang='lat' dir='ltr'>illa</span> <span class='ocrx_word' id='word_1_211' title='bbox 1533 3123 1674 3204; x_wconf 88' lang='lat' dir='ltr'>epistola</span> 
     </span>
     <span class='ocr_line' id='line_1_24' title="bbox 322 3241 1674 3324; baseline 0.004 -21"><span class='ocrx_word' id='word_1_212' title='bbox 322 3242 512 3324; x_wconf 85' lang='lat' dir='ltr'>responsiva</span> <span class='ocrx_word' id='word_1_213' title='bbox 531 3243 657 3306; x_wconf 92' lang='lat' dir='ltr'>domini</span> <span class='ocrx_word' id='word_1_214' title='bbox 682 3244 863 3308; x_wconf 89' lang='lat' dir='ltr'>Lincolniae</span> <span class='ocrx_word' id='word_1_215' title='bbox 887 3244 1032 3309; x_wconf 91' lang='lat' dir='ltr'>doctoris</span> <span class='ocrx_word' id='word_1_216' title='bbox 1057 3243 1195 3308; x_wconf 91' lang='lat' dir='ltr'>Roberti</span> <span class='ocrx_word' id='word_1_217' title='bbox 1219 3241 1428 3308; x_wconf 90' lang='lat' dir='ltr'>Grosseteste</span> <span class='ocrx_word' id='word_1_218' title='bbox 1452 3253 1503 3307; x_wconf 92' lang='lat' dir='ltr'>est</span> <span class='ocrx_word' id='word_1_219' title='bbox 1528 3243 1674 3308; x_wconf 87' lang='lat' dir='ltr'>Oxoniae</span> 
     </span>
     <span class='ocr_line' id='line_1_25' title="bbox 321 3363 1673 3447; baseline 0.004 -22"><span class='ocrx_word' id='word_1_220' title='bbox 321 3363 357 3425; x_wconf 88' lang='lat' dir='ltr'>in</span> <span class='ocrx_word' id='word_1_221' title='bbox 383 3363 522 3447; x_wconf 90' lang='lat' dir='ltr'>collegio</span> <span class='ocrx_word' id='word_1_222' title='bbox 546 3364 688 3429; x_wconf 86' lang='lat' dir='ltr'>Exoniae</span> <span class='ocrx_word' id='word_1_223' title='bbox 716 3367 748 3428; x_wconf 95' lang='lat' dir='ltr'>in</span> <span class='ocrx_word' id='word_1_224' title='bbox 775 3365 913 3442; x_wconf 89' lang='lat' dir='ltr'>libraria,</span> <span class='ocrx_word' id='word_1_225' title='bbox 938 3375 973 3430; x_wconf 92' lang='lat' dir='ltr'>et</span> <span class='ocrx_word' id='word_1_226' title='bbox 998 3365 1031 3428; x_wconf 93' lang='lat' dir='ltr'>in</span> <span class='ocrx_word' id='word_1_227' title='bbox 1056 3365 1256 3431; x_wconf 90' lang='lat' dir='ltr'>monasterio</span> <span class='ocrx_word' id='word_1_228' title='bbox 1279 3364 1403 3429; x_wconf 91' lang='lat' dir='ltr'>ordinis</span> <span class='ocrx_word' id='word_1_229' title='bbox 1419 3363 1533 3429; x_wconf 87' lang='lat' dir='ltr'>Sancti</span> <span class='ocrx_word' id='word_1_230' title='bbox 1557 3363 1673 3430; x_wconf 89' lang='lat' dir='ltr'>Salva·</span> 
     </span>
     <span class='ocr_line' id='line_1_26' title="bbox 321 3484 792 3570; baseline 0.002 -21"><span class='ocrx_word' id='word_1_231' title='bbox 321 3485 403 3549; x_wconf 88' lang='lat' dir='ltr'>toris</span> <span class='ocrx_word' id='word_1_232' title='bbox 425 3485 459 3549; x_wconf 93' lang='lat' dir='ltr'>in</span> <span class='ocrx_word' id='word_1_233' title='bbox 483 3484 577 3568; x_wconf 87' lang='lat' dir='ltr'>Syon</span> <span class='ocrx_word' id='word_1_234' title='bbox 600 3488 633 3550; x_wconf 93' lang='lat' dir='ltr'>in</span> <span class='ocrx_word' id='word_1_235' title='bbox 656 3487 792 3570; x_wconf 87' lang='lat' dir='ltr'>Anglia.</span> 
     </span>
    </p>

    <p class='ocr_par' dir='ltr' id='par_1_4' title="bbox 323 3607 1673 3812">
     <span class='ocr_line' id='line_1_27' title="bbox 418 3607 1673 3691; baseline 0.002 -24"><span class='ocrx_word' id='word_1_236' title='bbox 418 3614 478 3679; x_wconf 71' lang='lat' dir='ltr'>[lu]</span> <span class='ocrx_word' id='word_1_237' title='bbox 522 3607 648 3671; x_wconf 86' lang='lat' dir='ltr'>Audivi</span> <span class='ocrx_word' id='word_1_238' title='bbox 671 3608 759 3673; x_wconf 90' lang='lat' dir='ltr'>enim</span> <span class='ocrx_word' id='word_1_239' title='bbox 784 3609 910 3673; x_wconf 92' lang='lat' dir='ltr'>dictum</span> <span class='ocrx_word' id='word_1_240' title='bbox 934 3609 1022 3691; x_wconf 93' lang='lat' dir='ltr'>quod</span> <span class='ocrx_word' id='word_1_241' title='bbox 1044 3628 1132 3691; x_wconf 92' lang='lat' dir='ltr'>papa</span> <span class='ocrx_word' id='word_1_242' title='bbox 1152 3608 1335 3682; x_wconf 91' lang='lat' dir='ltr'>Romanus,</span> <span class='ocrx_word' id='word_1_243' title='bbox 1351 3607 1464 3671; x_wconf 89' lang='lat' dir='ltr'>statim</span> <span class='ocrx_word' id='word_1_244' title='bbox 1487 3615 1564 3689; x_wconf 88' lang='lat' dir='ltr'>post</span> <span class='ocrx_word' id='word_1_245' title='bbox 1586 3607 1673 3671; x_wconf 91' lang='lat' dir='ltr'>ordi·</span> 
     </span>
     <span class='ocr_line' id='line_1_28' title="bbox 323 3726 1672 3812; baseline 0.001 -24"><span class='ocrx_word' id='word_1_246' title='bbox 323 3726 496 3791; x_wconf 91' lang='lat' dir='ltr'>nacionem</span> <span class='ocrx_word' id='word_1_247' title='bbox 517 3748 611 3791; x_wconf 89' lang='lat' dir='ltr'>suam</span> <span class='ocrx_word' id='word_1_248' title='bbox 629 3728 662 3792; x_wconf 93' lang='lat' dir='ltr'>in</span> <span class='ocrx_word' id='word_1_249' title='bbox 682 3749 814 3812; x_wconf 90' lang='lat' dir='ltr'>papam,</span> <span class='ocrx_word' id='word_1_250' title='bbox 830 3737 976 3794; x_wconf 90' lang='lat' dir='ltr'>reservat</span> <span class='ocrx_word' id='word_1_251' title='bbox 997 3729 1059 3792; x_wconf 93' lang='lat' dir='ltr'>sibi</span> <span class='ocrx_word' id='word_1_252' title='bbox 1082 3729 1144 3812; x_wconf 86' lang='lat' dir='ltr'>ipsi</span> <span class='ocrx_word' id='word_1_253' title='bbox 1167 3748 1283 3792; x_wconf 90' lang='lat' dir='ltr'>omnes</span> <span class='ocrx_word' id='word_1_254' title='bbox 1306 3728 1486 3810; x_wconf 89' lang='lat' dir='ltr'>dignitates</span> <span class='ocrx_word' id='word_1_255' title='bbox 1508 3726 1672 3804; x_wconf 86' lang='lat' dir='ltr'>electivas,</span> 
     </span>
    </p>
   </div>
   <div class='ocr_carea' id='block_1_3' title="bbox 322 3844 1672 3932">
    <p class='ocr_par' dir='ltr' id='par_1_5' title="bbox 322 3844 1672 3932">
     <span class='ocr_line' id='line_1_29' title="bbox 322 3844 1672 3932; baseline 0.002 -23"><span class='ocrx_word' id='word_1_256' title='bbox 322 3844 370 3910; x_wconf 85' lang='lat' dir='ltr'>ita</span> <span class='ocrx_word' id='word_1_257' title='bbox 397 3849 486 3930; x_wconf 91' lang='lat' dir='ltr'>quod</span> <span class='ocrx_word' id='word_1_258' title='bbox 516 3848 638 3913; x_wconf 89' lang='lat' dir='ltr'>eleccio</span> <span class='ocrx_word' id='word_1_259' title='bbox 668 3850 758 3914; x_wconf 88' lang='lat' dir='ltr'>nulla</span> <span class='ocrx_word' id='word_1_260' title='bbox 789 3851 876 3915; x_wconf 89' lang='lat' dir='ltr'>sacta</span> <span class='ocrx_word' id='word_1_261' title='bbox 906 3851 939 3914; x_wconf 93' lang='lat' dir='ltr'>in</span> <span class='ocrx_word' id='word_1_262' title='bbox 968 3849 1080 3932; x_wconf 90' lang='lat' dir='ltr'>aliqua</span> <span class='ocrx_word' id='word_1_263' title='bbox 1109 3849 1246 3915; x_wconf 89' lang='lat' dir='ltr'>ecclesia</span> <span class='ocrx_word' id='word_1_264' title='bbox 1275 3848 1455 3914; x_wconf 90' lang='lat' dir='ltr'>cathedrali</span> <span class='ocrx_word' id='word_1_265' title='bbox 1484 3847 1582 3924; x_wconf 90' lang='lat' dir='ltr'>valet,</span> <span class='ocrx_word' id='word_1_266' title='bbox 1613 3849 1672 3912; x_wconf 90' lang='lat' dir='ltr'>sed</span> 
     </span>
    </p>
   </div>
   <div class='ocr_carea' id='block_1_4' title="bbox 322 3967 1673 4298">
    <p class='ocr_par' dir='ltr' id='par_1_6' title="bbox 322 3967 1673 4298">
     <span class='ocr_line' id='line_1_30' title="bbox 322 3967 1673 4055; baseline 0.002 -25"><span class='ocrx_word' id='word_1_267' title='bbox 322 3967 413 4031; x_wconf 83' lang='lat' dir='ltr'>solus</span> <span class='ocrx_word' id='word_1_268' title='bbox 443 3970 513 4053; x_wconf 92' lang='lat' dir='ltr'>ipse</span> <span class='ocrx_word' id='word_1_269' title='bbox 548 3969 690 4035; x_wconf 88' lang='lat' dir='ltr'>habetur</span> <span class='ocrx_word' id='word_1_270' title='bbox 726 3993 786 4055; x_wconf 93' lang='lat' dir='ltr'>pro</span> <span class='ocrx_word' id='word_1_271' title='bbox 824 3971 930 4037; x_wconf 91' lang='lat' dir='ltr'>electo</span> <span class='ocrx_word' id='word_1_272' title='bbox 960 3973 993 4035; x_wconf 91' lang='lat' dir='ltr'>in</span> <span class='ocrx_word' id='word_1_273' title='bbox 1023 3973 1224 4055; x_wconf 89' lang='lat' dir='ltr'>episcopum,</span> <span class='ocrx_word' id='word_1_274' title='bbox 1254 3991 1353 4053; x_wconf 90' lang='lat' dir='ltr'>quem</span> <span class='ocrx_word' id='word_1_275' title='bbox 1383 3990 1470 4053; x_wconf 92' lang='lat' dir='ltr'>papa</span> <span class='ocrx_word' id='word_1_276' title='bbox 1501 3969 1673 4033; x_wconf 90' lang='lat' dir='ltr'>Romanus</span> 
     </span>
     <span class='ocr_line' id='line_1_31' title="bbox 322 4089 1673 4176; baseline 0.004 -26"><span class='ocrx_word' id='word_1_277' title='bbox 322 4089 475 4173; x_wconf 89' lang='lat' dir='ltr'>providet</span> <span class='ocrx_word' id='word_1_278' title='bbox 499 4089 596 4157; x_wconf 89' lang='lat' dir='ltr'>alicui</span> <span class='ocrx_word' id='word_1_279' title='bbox 624 4092 770 4157; x_wconf 86' lang='lat' dir='ltr'>ecclesiae</span> <span class='ocrx_word' id='word_1_280' title='bbox 796 4094 829 4157; x_wconf 91' lang='lat' dir='ltr'>in</span> <span class='ocrx_word' id='word_1_281' title='bbox 852 4113 977 4176; x_wconf 91' lang='lat' dir='ltr'>regno;</span> <span class='ocrx_word' id='word_1_282' title='bbox 1005 4093 1051 4158; x_wconf 89' lang='lat' dir='ltr'>sic</span> <span class='ocrx_word' id='word_1_283' title='bbox 1076 4103 1149 4158; x_wconf 92' lang='lat' dir='ltr'>tum</span> <span class='ocrx_word' id='word_1_284' title='bbox 1172 4092 1262 4175; x_wconf 93' lang='lat' dir='ltr'>quod</span> <span class='ocrx_word' id='word_1_285' title='bbox 1288 4112 1349 4156; x_wconf 91' lang='lat' dir='ltr'>rex</span> <span class='ocrx_word' id='word_1_286' title='bbox 1372 4091 1463 4174; x_wconf 84' lang='lat' dir='ltr'>regni</span> <span class='ocrx_word' id='word_1_287' title='bbox 1486 4090 1673 4156; x_wconf 89' lang='lat' dir='ltr'>consenciat</span> 
     </span>
     <span class='ocr_line' id='line_1_32' title="bbox 323 4206 1671 4298; baseline 0.003 -28"><span class='ocrx_word' id='word_1_288' title='bbox 323 4206 383 4271; x_wconf 85' lang='lat' dir='ltr'>tali</span> <span class='ocrx_word' id='word_1_289' title='bbox 409 4211 585 4291; x_wconf 92' lang='lat' dir='ltr'>provisioni</span> <span class='ocrx_word' id='word_1_290' title='bbox 612 4211 709 4280; x_wconf 84' lang='lat' dir='ltr'>factae</span> <span class='ocrx_word' id='word_1_291' title='bbox 735 4235 794 4297; x_wconf 89' lang='lat' dir='ltr'>per</span> <span class='ocrx_word' id='word_1_292' title='bbox 819 4235 942 4298; x_wconf 89' lang='lat' dir='ltr'>papam</span> <span class='ocrx_word' id='word_1_293' title='bbox 966 4215 1166 4294; x_wconf 84' lang='lat' dir='ltr'>Romanum,</span> <span class='ocrx_word' id='word_1_294' title='bbox 1192 4215 1271 4297; x_wconf 89' lang='lat' dir='ltr'>quia</span> <span class='ocrx_word' id='word_1_295' title='bbox 1298 4212 1359 4278; x_wconf 92' lang='lat' dir='ltr'>nisi</span> <span class='ocrx_word' id='word_1_296' title='bbox 1386 4233 1447 4278; x_wconf 89' lang='lat' dir='ltr'>rex</span> <span class='ocrx_word' id='word_1_297' title='bbox 1476 4212 1568 4295; x_wconf 86' lang='lat' dir='ltr'>regni</span> <span class='ocrx_word' id='word_1_298' title='bbox 1593 4230 1671 4276; x_wconf 91' lang='lat' dir='ltr'>con·</span> 
     </span>
    </p>
   </div>
   <div class='ocr_carea' id='block_1_5' title="bbox 0 0 1914 4904">
    <p class='ocr_par' dir='ltr' id='par_1_7' title="bbox 0 0 1914 4904">
     <span class='ocr_line' id='line_1_33' title="bbox 0 0 1914 4904; baseline 0 0"><span class='ocrx_word' id='word_1_299' title='bbox 0 0 1914 4904; x_wconf 95' lang='lat' dir='ltr'> </span> 
     </span>
    </p>
   </div>
  </div>
 </body>
</html>
