3818 4904
661 448 760 503 Loci
785 448 816 500 E
843 449 968 504 trano
1003 447 1262 506 VERITATUM.
1578 430 1640 528 143

287 664 491 728 voluntatem
516 682 610 725 suam
634 662 810 744 propriam,
835 665 986 744 quamvis
1007 686 1121 729 verum
1149 676 1207 744 est,
1233 666 1322 747 quod
1348 666 1512 731 Dominus
1537 669 1638 732 verba

288 805 401 849 eorum
425 783 631 848 confirmavit
654 783 868 864 sequentibus
890 785 1000 867 signis,
1023 786 1043 849 i.
1056 807 1084 849 e.
1108 786 1281 851 miraculis.

375 913 506 982 [p.114.]
550 911 749 966 Monachus.
794 903 921 968 Audivi
958 906 1046 969 enim
1083 907 1282 971 monachum
1320 907 1494 983 dicentem,
1527 909 1639 976 ‘Licet

288 1027 377 1090 enim
403 1024 572 1089 monachis
597 1024 645 1089 uti
668 1024 767 1088 frenis
793 1026 968 1103 deauratis,
989 1047 1029 1089 eo
1055 1027 1144 1108 quod
1172 1028 1380 1091 dominorum
1405 1031 1639 1112 temporalium

288 1148 512 1229 possessiones
538 1147 681 1229 integras
711 1146 881 1222 habemus,
908 1155 941 1210 et
968 1147 1043 1210 ideo
1070 1148 1147 1229 quia
1172 1148 1260 1212 bona
1289 1149 1450 1213 baronum
1478 1150 1639 1215 habemus

289 1268 456 1331 deauratis
486 1288 562 1330 cum
593 1267 672 1348 ipsis
708 1268 755 1331 uti
787 1288 971 1349 possumus,
1001 1267 1035 1330 in
1065 1270 1158 1350 equis
1189 1268 1367 1351 phaleratis
1405 1282 1438 1336 et
1468 1272 1501 1335 in
1531 1272 1640 1337 cellis’

290 1387 357 1452 Sed
386 1389 462 1454 talis
496 1408 563 1451 non
586 1388 683 1462 dixit,
711 1389 880 1470 quomodo
900 1387 990 1451 bona
1021 1388 1102 1452 talia
1125 1389 1205 1454 data
1234 1392 1281 1453 eis
1309 1389 1442 1455 suerunt
1471 1391 1504 1455 in
1528 1413 1640 1457 neces-

288 1509 410 1572 sarium
432 1530 529 1572 usum
552 1509 691 1586 illorum,
713 1509 784 1572 sine
806 1509 927 1590 quibus
956 1509 1065 1572 cultus
1090 1509 1154 1573 Dei
1181 1520 1215 1575 et
1237 1512 1420 1575 animarum
1444 1512 1533 1576 salus
1559 1533 1640 1596 aug·

290 1631 429 1695 mentari
452 1652 517 1695 non
537 1640 657 1714 potest,
672 1630 725 1694 vel
749 1639 785 1694 ut
806 1631 852 1694 sic
875 1629 1001 1693 facilius
1024 1636 1265 1712 augmentetur.
1299 1632 1394 1710 Item,
1410 1633 1453 1696 ad
1473 1631 1537 1696 hoc
1559 1633 1640 1697 data

288 1750 428 1829 luerunt,
452 1773 492 1815 eo
521 1753 611 1833 quod
646 1753 764 1815 dantes
791 1750 847 1813 illa
873 1750 961 1815 bona
992 1749 1039 1813 eis
1067 1752 1233 1832 putabant
1262 1751 1335 1814 illos
1363 1751 1482 1833 quibus
1513 1752 1639 1818 dabant

288 1874 419 1936 racione
445 1873 595 1937 scienciae
623 1894 753 1954 magnae
777 1881 810 1936 et
832 1872 988 1955 perfectae
1010 1871 1087 1936 vitae
1113 1883 1146 1936 et
1169 1873 1337 1949 doctrinae,
1361 1872 1479 1937 melius
1505 1885 1540 1938 et
1566 1895 1639 1957 per·

287 1992 404 2057 sectius
434 1993 617 2077 disponere,
646 2004 680 2057 et
710 1992 864 2068 conferre,
897 2002 930 2057 et
959 1993 1149 2075 dispensare
1179 1992 1237 2057 illa
1262 1993 1358 2071 bona,
1386 2002 1431 2061 et.
1449 1996 1640 2077 expendere

288 2115 395 2197 magis
421 2114 478 2178 illa
499 2114 588 2178 bona
616 2116 650 2178 in
672 2123 889 2196 augmentum
912 2113 1070 2191 scienciae,
1091 2114 1261 2192 virtutum,
1282 2115 1527 2198 praedicationis
1548 2116 1639 2179 verbi

288 2234 362 2313 Dei,
386 2243 419 2299 et
450 2235 484 2298 in
510 2235 575 2299 alia
600 2255 702 2317 opera
729 2234 827 2298 saluti
849 2234 1035 2298 animarum
1057 2234 1264 2317 pertinentia,
1281 2255 1382 2317 quam
1408 2235 1466 2300 filii
1493 2236 1542 2299 sui
1565 2257 1641 2318 pro·

287 2356 349 2439 prii
373 2365 407 2420 et
433 2355 530 2420 amici
557 2355 726 2434 carnales3
757 2365 790 2418 et
815 2356 889 2418 ideo
915 2354 1021 2437 magis
1045 2355 1209 2418 dederunt
1232 2355 1402 2419 monachis
1424 2365 1458 2420 et
1480 2355 1641 2439 religiosis

287 2476 432 2558 antiquis
469 2485 605 2558 propter
635 2485 823 2540 sanctorum
853 2495 990 2558 operum
1019 2475 1324 2559 augmentationem
1354 2475 1507 2552 fiendam,
1538 2497 1639 2558 quam

287 2597 402 2661 amicis
426 2597 492 2660 suis
522 2595 707 2661 carnalibus
734 2606 869 2679 propter
898 2597 1068 2660 mundana
1096 2616 1197 2678 opera
1223 2597 1399 2660 nutrienda
1424 2605 1458 2661 et
1482 2596 1641 2680 multipli-

287 2720 404 2783 canda.
449 2717 518 2783 Sed
543 2718 645 2800 aliqui
669 2718 792 2794 dicunt,
809 2717 1120 2799 ‘Dispensationem
1139 2716 1310 2793 habemus,
1334 2729 1367 2782 et
1390 2717 1558 2781 licentiam
1580 2717 1641 2783 ha·

287 2840 405 2903 bemus
428 2859 448 2903 a
474 2839 632 2921 superiori
657 2839 752 2902 nobis
779 2838 812 2901 in
832 2838 936 2916 terris,
959 2847 995 2900 ut
1020 2838 1065 2902 sic
1092 2849 1125 2902 et
1154 2839 1200 2902 sic
1226 2839 1409 2902 secundum
1434 2838 1640 2903 voluntatem

288 2968 434 3024 nostram
457 2959 633 3036 faciamus,
651 2971 687 3025 ut
715 2980 781 3023 non
808 2970 979 3023 teneamur
1002 2979 1131 3022 servare
1157 2959 1305 3041 regulam
1330 2968 1478 3022 nostram
1506 2980 1566 3023 nec
1586 2960 1640 3042 jus

288 3079 482 3146 commune.'
527 3080 595 3145 Sed
616 3081 781 3144 Dominus
802 3080 891 3155 dicit,
909 3077 1054 3143 Malach.
1070 3076 1109 3161 ij0
1129 3079 1283 3161 capitulo,
1301 3079 1520 3144 ‘Maledicam
1540 3080 1642 3144 bene·

287 3201 490 3266 diceionibus
512 3200 645 3278 vestris'
663 3202 683 3264 i.
694 3223 721 3264 e.
740 3199 804 3263 hiis
827 3221 901 3282 quae
920 3199 1105 3282 possidetis,
1123 3208 1156 3263 et
1176 3209 1311 3283 propter
1333 3200 1473 3264 abusum
1493 3209 1640 3264 vestrum

288 3321 561 3386 malediccionem
587 3321 872 3386 benedictionibus
897 3321 1024 3398 vestris,
1055 3321 1075 3383 i.
1093 3341 1119 3384 e.
1144 3319 1283 3386 licentiis
1313 3330 1347 3386 et
1377 3319 1641 3385 concessionibus

287 3443 414 3507 vestris.
460 3441 604 3507 Sordida
631 3443 718 3506 enim
743 3443 992 3507 conversatione
1017 3451 1166 3506 sanctam
1192 3463 1262 3505 rem
1286 3462 1343 3504 seu
1368 3441 1560 3523 religionem
1583 3441 1641 3504 de·

287 3565 439 3648 turpatis,
464 3572 497 3627 et
520 3565 576 3645 qui
608 3564 719 3646 inique
748 3571 852 3647 agunt
876 3563 1123 3639 benedicuntur,
1151 3563 1171 3629 i.
1183 3583 1210 3627 e.
1233 3585 1253 3626 a
1276 3562 1371 3624 malis
1396 3562 1464 3625 suis
1485 3561 1641 3625 vocaliter

288 3695 322 3750 et
350 3706 415 3748 non
440 3685 570 3749 realiter
593 3684 635 3749 ab
659 3684 794 3748 homine
820 3684 1043 3762 absolvuntur,
1070 3692 1103 3747 et
1130 3686 1173 3747 ad
1204 3683 1329 3747 malum
1354 3681 1500 3746 fiendum
1526 3702 1640 3746 secun·

287 3808 369 3872 dum
399 3805 606 3872 voluntatem
637 3827 730 3869 suam
761 3805 982 3882 licenciantur,
1008 3805 1083 3868 ideo
1108 3805 1196 3869 dicet
1220 3804 1393 3880 Dominus,
1417 3803 1640 3868 ‘Maledicam

287 3928 574 3992 benedictionibus
603 3923 736 3992 vestris'
766 3926 896 4002 talibus,
921 3927 990 3991 sive
1017 3924 1194 3990 sentenciis
1224 3934 1257 3988 et
1287 3924 1429 3988 licenciis
1458 3923 1575 3987 vestris
1608 3933 1642 3989 et

289 4048 567 4113 concessionibus.
613 4047 698 4115 Haec
720 4057 838 4131 patent
860 4069 920 4131 per
942 4047 1102 4112 Sanctum
1125 4047 1330 4129 Jeronimum
1357 4044 1534 4109 Malachiae
1553 4045 1590 4129 ij⁰
1608 4045 1641 4108 in

290 4168 540 4233 Commentario
561 4189 631 4233 suo.

376 4299 413 4367 [p.
441 4298 508 4363 m]
552 4296 731 4356 mandras.
777 4291 874 4370 Item,
898 4297 978 4357 tunc'
1003 4289 1183 4373 imperator
1203 4287 1261 4374 (sc.
1277 4284 1467 4374 Augustus)
1487 4286 1645 4365 decrevit,
