3818 4904
679 439 779 493 LOCI
803 438 833 492 E
861 438 986 494 LIBRO
1017 435 1279 495 VERITATUM.
1602 438 1663 517 165

306 651 475 733 antipapa,
500 653 532 715 in
552 651 690 718 concilio
711 652 838 731 Pisano,
860 661 939 717 ante
962 651 1137 716 concilium
1160 652 1428 732 Constanciense‚
1443 675 1502 738 per
1523 666 1656 721 senten·

305 770 390 835 tiam
413 771 500 836 illius
525 771 662 850 concilii,
684 771 856 854 depositus
876 771 938 837 fuit
960 794 981 836 a
1002 782 1127 855 papatu
1153 794 1223 852 suo,
1243 793 1344 856 quem
1366 794 1401 838 se
1423 773 1545 840 habere
1566 776 1655 842 dixit

305 899 342 955 et
362 892 602 974 praetendebat.
647 892 739 974 Papa
760 891 924 956 Martinus
945 892 1080 974 quintus
1101 903 1276 958 coronatus
1298 894 1360 958 fuit
1384 903 1418 958 et
1446 907 1655 962 consecratus

307 1010 516 1076 constanciae
540 1010 586 1077 21'
610 1012 665 1076 die
688 1012 812 1076 mensis
838 1013 1047 1090 Novembris,
1073 1034 1162 1079 anno
1188 1013 1324 1078 Domini
1352 1029 1442 1095 1417,
1466 1024 1501 1080 et
1530 1018 1655 1081 indicto

305 1132 349 1196 de
384 1152 544 1198 consensu
580 1133 707 1198 concilii
745 1154 831 1197 novo
864 1133 1002 1197 concilio
1035 1135 1181 1217 generali
1212 1135 1411 1201 celebrando
1445 1146 1521 1220 post
1559 1139 1654 1222 quin·

306 1255 486 1336 quennium
513 1255 546 1318 in
572 1253 705 1318 civitate
732 1253 895 1335 Papiensi‚
918 1252 1017 1317 solvit
1042 1254 1216 1319 concilium
1238 1254 1318 1319 illud
1344 1255 1553 1321 Constanciae
1577 1279 1653 1323 curn

302 1378 463 1439 consensu
488 1374 637 1458 ejusdem
661 1375 823 1457 generalis
849 1375 1001 1453 concilii;
1028 1384 1063 1439 et
1083 1396 1172 1440 anno
1193 1377 1301 1460 primo
1325 1377 1460 1442 Martini
1486 1377 1569 1442 obiit
1594 1379 1652 1462 Jo-

302 1495 430 1560 hannes
445 1513 495 1580 23,
522 1496 730 1561 Constanciae
752 1496 932 1579 depositus,
955 1497 1106 1578 quamvis
1129 1517 1189 1580 per
1211 1517 1334 1580 paucos
1359 1499 1431 1564 dies
1456 1509 1535 1564 ante
1557 1520 1653 1564 suam

305 1627 445 1681 mortem
475 1616 582 1682 iactus
611 1616 674 1681 suit
703 1638 761 1701 per
789 1637 912 1700 papam
939 1617 1121 1682 Martinum
1151 1619 1305 1702 quintum
1331 1620 1513 1686 cardinalis.
1567 1621 1653 1685 Haec

303 1741 415 1805 omnia
434 1747 551 1822 patent
574 1740 607 1802 in
630 1739 714 1803 libro
738 1739 793 1802 De
811 1740 914 1822 gestis
936 1739 970 1802 in
990 1739 1130 1804 concilio
1150 1739 1270 1805 Pisano
1293 1749 1327 1804 et
1349 1741 1383 1804 in
1409 1741 1547 1806 concilio
1564 1741 1653 1806 Con-

301 1859 480 1925 stanciensi
504 1856 713 1923 Constanciae
736 1857 913 1934 celebrato,
937 1868 971 1923 et
994 1867 1045 1922 est
1070 1858 1124 1924 ille
1146 1857 1230 1924 liber
1250 1860 1357 1924 bonus
1379 1861 1413 1924 in
1434 1862 1539 1925 tribus
1560 1860 1652 1926 volu·

217 1976 223 1983 ’
303 1980 447 2045 minibus
469 1978 613 2045 Oxoniae
638 1977 834 2058 Dunelmiae,
856 1979 1001 2063 Anglice
1022 1981 1150 2047 Duram
1174 1980 1323 2064 College.

389 2111 426 2179 [p.
444 2110 515 2177 176.]
559 2101 662 2166 Anno
688 2100 825 2166 Domini
849 2099 931 2185 1389
954 2101 1078 2167 electus
1101 2101 1164 2166 fuit
1188 2103 1221 2166 in
1242 2123 1363 2185 papam
1384 2103 1570 2168 Bonifacius
1593 2103 1651 2180 ix⁸‚

299 2234 335 2289 et
361 2244 449 2289 anno
475 2224 537 2288 Xti
564 2242 644 2308 1391
674 2223 879 2288 canonizavit
905 2223 1025 2288 Romae
1054 2223 1213 2288 Sanctam
1240 2224 1416 2308 Birgittam
1441 2225 1585 2302 viduam,
1612 2245 1652 2290 ac

300 2345 529 2429 principissam
560 2345 729 2427 quondam
760 2342 910 2419 Nericiae‚
942 2344 976 2408 in
1005 2365 1107 2428 regno
1132 2343 1275 2422 Sweciae‚
1305 2364 1405 2427 quam
1435 2345 1524 2409 Xtus
1553 2346 1653 2427 Jesus

299 2466 431 2531 vocavit
454 2486 612 2548 sponsam
636 2485 739 2540 suam,
757 2474 790 2528 et
814 2464 861 2528 sic
881 2465 990 2530 vocari
1014 2487 1087 2530 eam
1111 2465 1199 2541 secit,
1222 2475 1358 2549 propter
1381 2487 1538 2549 magnum
1557 2486 1652 2530 amo·

300 2609 370 2653 rem
393 2597 428 2652 et
450 2587 679 2652 obedienciam
702 2586 850 2668 ejusdem
870 2587 1020 2669 Birgittae
1041 2587 1204 2651 voluntati
1225 2586 1299 2663 Dei,
1318 2607 1393 2669 quae
1417 2587 1537 2651 Romae
1558 2587 1650 2663 obiit,

298 2711 357 2787 sed
385 2711 418 2773 in
443 2730 544 2792 regno
571 2708 708 2773 Sweciae
735 2708 804 2791 ejus
833 2728 909 2772 ossa
934 2719 1049 2773 sancta
1073 2708 1168 2792 plura
1195 2708 1404 2791 requiescunt
1429 2708 1463 2772 in
1490 2712 1650 2773 aeternum

297 2830 514 2914 glorificanda
536 2831 569 2895 in
593 2830 694 2909 coelis,
717 2839 753 2895 ut
775 2830 891 2895 canale
911 2831 1030 2914 graciae
1057 2831 1187 2895 divinae.
1237 2831 1332 2894 Idem
1356 2829 1542 2894 Bonifacius
1566 2829 1652 2895 obiit

296 2974 386 3017 anno
412 2953 473 3017 Xti
504 2970 595 3031 1404,
625 2973 685 3036 per
709 2961 842 3036 tempus
866 2951 1004 3035 aliquod
1030 2962 1109 3016 ante
1136 2950 1260 3015 festum
1284 2951 1480 3015 Natiuitatis
1502 2950 1572 3028 Xti,
1598 2949 1650 3016 cui

296 3073 452 3138 dominus
475 3072 689 3137 innocentius
711 3079 780 3152 7¹³¹²¹
802 3081 854 3137 est
875 3071 908 3136 in
930 3072 1149 3156 apostolicum
1172 3072 1379 3155 subrogatus.

386 3193 479 3260 Ordo
519 3213 682 3277 paparum
721 3192 950 3257 Romanorum
980 3203 1063 3258 ante
1098 3191 1202 3257 cisma
1239 3202 1274 3257 et
1312 3193 1346 3255 in
1380 3191 1517 3256 cismate
1556 3191 1650 3255 finito

299 3314 506 3380 Constanciae
529 3316 563 3379 in
585 3312 723 3380 concilio
747 3313 870 3379 ibidem
892 3312 1059 3397 generali:
1083 3312 1242 3378 Urbanus
1256 3312 1313 3395 vj⁸,
1331 3313 1365 3376 in
1387 3310 1481 3394 cujus
1501 3321 1653 3394 tempore

296 3435 418 3518 incepit
447 3437 550 3501 cisma
580 3456 640 3520 per
667 3455 832 3500 recessum
863 3434 1079 3500 cardinalium
1108 3454 1129 3498 a
1152 3454 1251 3517 papa,
1277 3433 1356 3518 quia
1384 3453 1451 3497 non
1478 3431 1653 3496 voluerunt

295 3555 463 3621 reformari
493 3557 536 3623 de
565 3559 663 3622 certis
696 3555 800 3632 malis,
825 3556 1016 3620 Bonisacius
1046 3554 1102 3632 ix',
1135 3554 1350 3618 Innocentius
1377 3551 1445 3635 νῆ’,
1476 3550 1653 3634 Gregorius

295 3676 365 3760 xij⁸,
389 3676 560 3759 Johannes
584 3676 691 3759 xxiij⁸,
719 3677 884 3742 Martinus
913 3677 1059 3759 quintus,
1090 3675 1260 3759 Eugenius
1289 3683 1436 3757 quartus,
1469 3672 1651 3737 Nicholaus

295 3799 438 3880 quintus,
460 3797 614 3862 Calixtus
635 3798 691 3880 iij⁸.
738 3799 855 3863 Petrus
873 3798 916 3862 de
939 3797 1038 3860 Luna
1057 3797 1226 3880 antipapa,
1248 3795 1305 3877 qui
1331 3794 1463 3858 vocavit
1484 3813 1519 3856 se
1542 3793 1651 3876 ipsum

296 3918 512 3984 Benedictum
528 3919 619 4002 xrijm,
634 3919 696 3984 suit
719 3919 751 3983 in
772 3929 926 4002 tempore
945 3918 1090 3982 Romani
1112 3938 1210 4001 papae
1231 3916 1381 3997 Gregorii
1399 3914 1467 3996 xii,
1484 3916 1540 3996 qui
1563 3912 1652 3978 Con·

294 4039 428 4103 stanciae
451 4050 610 4122 papatum
635 4039 813 4124 resignavit
835 4060 894 4124 per
919 4048 1149 4123 procuratores
1172 4058 1259 4116 suos,
1282 4036 1433 4119 quamvis
1458 4044 1558 4100 antea
1580 4034 1652 4117 ipse

294 4171 329 4224 et
355 4160 472 4224 Petrus
499 4161 542 4224 de
569 4160 665 4225 Luna
687 4162 830 4246 depositi
857 4170 953 4229 erant
982 4178 1042 4244 per
1070 4160 1273 4226 sentenciam
1299 4157 1427 4224 concilii
1457 4157 1490 4221 in
1514 4155 1654 4222 concilio

292 4281 437 4364 generali
462 4280 590 4347 Pisano.
