3818 4904
303 382 366 445 190
677 373 778 428 LOCI
803 372 833 425 E
860 373 985 426 LIBRO
1021 374 1280 428 VERITATUM.

300 609 321 653 a
342 610 420 673 rege
440 589 635 667 habuerunt,
659 590 750 670 quod
772 589 990 670 procederent
1014 591 1048 652 in
1071 589 1217 654 articulis
1240 591 1471 656 communitati
1495 612 1540 654 ex
1560 599 1658 672 parte

300 710 387 792 regis
409 710 609 792 propositis;
632 718 666 773 et
688 729 773 772 unus
792 709 950 773 articulus
971 709 1041 786 fuit,
1065 712 1156 792 quod
1178 712 1399 775 communitas
1420 711 1556 793 Angliae
1579 731 1655 794 pro-

299 831 426 896 videret
456 852 517 913 pro
550 830 698 912 pecuniis
727 829 846 912 quibus
881 830 1087 894 Normannia
1116 832 1360 896 deffenderetur
1393 853 1456 916 per
1483 830 1655 914 Anglicos‚

299 961 335 1016 et
364 953 454 1034 quod
482 951 701 1014 communitas
726 949 862 1031 Angliae
885 971 950 1014 non
981 951 1215 1017 intromitteret
1240 973 1277 1016 se
1306 954 1350 1016 de
1379 953 1475 1017 lactis
1505 953 1593 1035 regis
1619 963 1655 1017 et

300 1071 531 1151 dominorum;
558 1080 591 1135 et
613 1081 686 1134 turn
710 1091 771 1134 rex
793 1071 883 1152 prius
910 1070 1048 1135 dederat
1070 1071 1297 1156 Andigaviam
1321 1074 1389 1155 regi
1410 1072 1543 1138 Ceciliae
1565 1073 1656 1137 exis·

299 1201 392 1257 tente
422 1203 501 1257 tunc
527 1193 560 1256 in
591 1192 739 1270 Francia,
768 1190 847 1274 quia
875 1191 971 1256 aliter
999 1212 1065 1255 non
1095 1194 1205 1274 potuit
1233 1193 1357 1257 habere
1386 1194 1537 1276 ejusdem
1567 1195 1655 1276 regis

299 1315 402 1379 filiam
425 1315 458 1377 in
485 1335 633 1391 uxorem,
659 1325 694 1377 et
723 1312 801 1395 quia
822 1314 894 1376 dux
924 1312 1128 1388 Suthfolciae,
1155 1313 1343 1379 Willelmus
1369 1315 1489 1394 Powle‚
1518 1316 1653 1379 nomine

299 1436 525 1519 procuratorio
548 1436 634 1517 regis
656 1433 801 1517 Angliae,
827 1453 903 1496 cum
930 1434 1016 1515 regis
1040 1433 1172 1498 Ceciliae
1195 1434 1263 1498 filia
1285 1437 1319 1499 in
1343 1435 1453 1500 Gallia
1475 1436 1653 1510 contraxit,

298 1557 375 1622 ideo
400 1557 558 1621 dixerunt
584 1554 709 1630 Gallici,
737 1555 827 1636 quod
853 1575 927 1617 eam
954 1565 1052 1619 extra
1077 1575 1216 1638 regnum
1240 1557 1388 1621 Franciae
1416 1578 1483 1621 non
1507 1559 1652 1634 duceret,

298 1699 473 1761 quousque
503 1697 617 1741 eorum
647 1675 781 1751 amicus,
805 1695 865 1739 rex
892 1677 1025 1739 nomine
1048 1686 1081 1740 et
1107 1696 1174 1739 non
1197 1697 1240 1755 re,
1264 1676 1406 1757 Ceciliae,
1428 1678 1567 1743 haberet
1589 1678 1653 1741 sibi

297 1810 333 1864 et
354 1797 595 1863 successoribus
617 1795 774 1860 collatum
796 1815 817 1858 a
839 1816 916 1878 rege
938 1794 1072 1879 Angliae
1094 1797 1253 1862 ducatum
1276 1796 1495 1882 Andegaviae,
1516 1808 1552 1862 et
1573 1799 1651 1881 quia

297 1919 389 1984 idern
416 1920 487 1982 dux
514 1938 590 1982 cum
617 1918 735 1981 eadem
762 1916 852 2000 prius
878 1918 1053 1996 contraxit,
1077 1918 1212 1982 nomine
1239 1920 1326 2001 regis
1349 1918 1493 2002 Angliae,
1516 1929 1555 1983 ut
1580 1919 1651 2002 ejus

297 2049 498 2124 procurator,
523 2048 556 2103 et
578 2038 657 2121 quia
679 2038 768 2101 idem
790 2037 861 2100 dux
881 2039 1047 2101 maximus
1070 2039 1133 2104 fuit
1154 2059 1230 2103 cum
1253 2060 1332 2122 rege
1348 2038 1483 2123 Angliae
1503 2040 1651 2105 Henrico

298 2161 417 2238 Sexto,
443 2161 519 2224 ideo
541 2159 602 2242 ipsi
627 2157 745 2222 Gallici
769 2158 799 2221 ei
825 2159 989 2237 dixerant,
1013 2161 1103 2241 quod
1130 2160 1236 2241 ipsam
1260 2161 1496 2243 desponsatam
1521 2169 1556 2226 et
1576 2182 1651 2244 per·

297 2282 434 2345 missam
458 2282 501 2345 ad
526 2279 663 2361 nupcias
688 2279 774 2360 regis
798 2277 933 2359 Angliae
960 2279 993 2341 in
1018 2277 1145 2360 Anglia
1170 2281 1243 2342 dux
1269 2281 1340 2364 ipse
1366 2280 1561 2346 Suthsolciae
1584 2302 1650 2345 non
1721 2306 1726 2313 ·

296 2404 440 2480 duceret,
468 2402 530 2465 nisi
553 2399 788 2482 Andegaviam
819 2400 980 2481 praedicto
1010 2401 1078 2482 regi
1107 2410 1280 2482 praetensae
1307 2400 1439 2465 Ceciliae
1469 2402 1503 2464 in
1533 2423 1650 2485 perpe-

296 2534 392 2588 tuum
415 2523 551 2587 concedi
569 2543 589 2585 a
610 2522 677 2604 regi
692 2520 829 2602 Angliae
850 2521 1061 2601 impetraret;
1084 2530 1118 2585 et
1139 2523 1194 2600 sic,
1210 2523 1272 2585 sub
1292 2521 1395 2587 literis
1413 2524 1499 2605 regis
1514 2523 1651 2607 Angliae

296 2645 497 2728 patentibus
528 2654 565 2706 ut
602 2643 730 2720 dicitur,
759 2641 958 2723 Andegavia
986 2663 1007 2705 a
1039 2644 1199 2725 praedicto
1233 2665 1310 2727 rege
1338 2643 1473 2726 Angliae
1510 2654 1545 2709 et
1582 2645 1650 2708 suis

295 2766 539 2830 successoribus
568 2764 753 2838 alienatur3
792 2774 826 2827 et
856 2765 1051 2845 praedictum
1087 2765 1340 2847 parliamentum
1370 2766 1515 2849 Angliae,
1543 2767 1649 2832 indies

294 2897 455 2951 vexatum
484 2886 651 2949 laboribus
684 2895 717 2948 et
748 2885 912 2967 expensis
943 2885 1055 2967 palam
1086 2886 1182 2964 dixit,
1209 2888 1299 2968 quod
1331 2908 1502 2970 nunquam
1530 2907 1649 2952 conce·

295 3009 389 3073 deret
415 3020 532 3072 taxam
558 3007 635 3090 regi,
658 3007 719 3070 nisi
747 3007 837 3089 prius
863 3006 952 3069 idem
979 3026 1040 3069 rex
1061 3006 1197 3088 Angliae
1219 3008 1416 3072 auctoritate
1438 3008 1648 3091 parliamenti

293 3129 445 3214 ejusdem
472 3139 652 3193 resumeret
681 3128 853 3193 actualiter
878 3127 991 3190 omnia
1020 3128 1224 3209 pertinencia
1247 3149 1379 3192 coronae
1401 3127 1546 3212 Angliae,
1570 3151 1650 3213 quae

293 3250 383 3315 idem
410 3271 470 3313 rex
502 3250 592 3332 prius
621 3250 759 3313 dederat
783 3258 817 3312 et
841 3248 1041 3312 alienaverat
1064 3267 1085 3312 a
1108 3269 1168 3312 sua
1194 3268 1327 3314 corona.
1371 3250 1425 3327 Et,
1451 3259 1530 3314 ante
1556 3270 1649 3314 com·

292 3371 419 3454 pletam
449 3370 651 3435 decisionem
682 3369 824 3452 plurium
853 3368 1067 3433 articulorum
1098 3370 1131 3432 in
1163 3370 1219 3433 illo
1250 3371 1478 3453 parliamento,
1503 3373 1648 3437 surrexit

292 3492 513 3557 communitas
539 3490 680 3569 Canciae,
708 3491 770 3553 sub
800 3491 975 3572 capitaneo
999 3490 1154 3571 Johanne
1180 3490 1283 3568 Cade,
1316 3493 1374 3574 qui
1403 3493 1575 3557 descendit
1603 3493 1647 3557 de

293 3614 426 3696 Rogero
454 3613 656 3678 Mortemere
681 3612 857 3691 bastard03
884 3622 918 3677 et
942 3613 1006 3676 iste
1027 3610 1230 3695 capitaneus,
1251 3623 1329 3698 post
1350 3615 1533 3696 perdonam
1559 3614 1647 3695 regis

291 3734 354 3798 sibi
385 3744 418 3798 et
445 3735 512 3798 suis
539 3736 707 3810 donatam,
733 3734 925 3816 prodicione
954 3733 1050 3797 unius
1079 3734 1194 3797 famuli
1224 3736 1283 3812 sui,
1310 3744 1348 3797 ut
1376 3735 1505 3810 dicitur,
1529 3732 1646 3798 vulne·

290 3865 382 3919 ratus
405 3856 468 3920 fuit
491 3856 535 3919 ad
564 3864 714 3931 mortem,
740 3863 774 3919 et
799 3863 948 3921 mortuus
971 3856 1151 3938 perductus
1175 3855 1368 3919 Londonias
1394 3876 1483 3920 anno
1508 3855 1646 3919 Domini

295 3989 378 4055 1450
400 3978 433 4039 in
457 3997 572 4040 mense
588 3975 688 4057 Julii;
712 3984 746 4040 et
764 3976 883 4039 eodem
903 3995 992 4039 anno
1014 3984 1048 4040 et
1071 3996 1185 4041 mense
1207 3976 1338 4058 expulsi
1362 3976 1495 4040 suerunt
1508 3975 1645 4059 Anglici

290 4118 312 4161 a
329 4096 536 4161 Normannia
559 4097 592 4160 in
617 4116 740 4178 magno
764 4117 909 4172 numero¹
936 4106 969 4161 et
989 4098 1197 4161 Normannia
1221 4097 1341 4161 iterum
1365 4098 1399 4160 in
1422 4118 1541 4161 manus
1564 4095 1644 4161 Gal-

290 4217 426 4282 licorum
454 4227 533 4284 tunc
562 4219 698 4284 redacta
720 4228 780 4296 est,
806 4218 840 4281 in
866 4228 1017 4302 tempore
1047 4218 1134 4302 regis
1162 4219 1301 4282 Henrici
1328 4218 1436 4284 Sexti.
1490 4219 1549 4282 Ex
1577 4237 1645 4299 quo
