3818 4904
668 433 768 489 LOCI
792 433 823 487 E
850 433 976 490 LIBRO
1010 434 1269 491 VERITATUM.
1592 449 1651 515 119

296 643 421 728 populi,
445 665 502 708 seu
520 644 564 708 ad
586 644 730 707 officium
752 645 785 707 in
808 644 940 727 populo,
967 654 1001 708 et
1023 665 1096 708 reus
1123 654 1173 709 est
1196 647 1300 709 eciam
1326 655 1360 711 et
1384 647 1515 712 debitor
1538 669 1650 712 coram

296 765 373 828 Deo
403 767 551 830 omnium
581 766 743 829 bonorum
778 775 923 844 actuum,
952 766 1009 847 qui
1044 786 1088 830 ex
1118 765 1233 830 debito
1268 768 1300 830 in
1336 767 1393 831 illo
1424 769 1532 833 officio
1561 769 1650 835 lacta

296 884 442 965 luissent,
466 889 493 950 si
515 887 729 951 sufficientem
753 906 929 969 personam
953 907 1029 949 cum
1054 887 1166 950 debita
1192 887 1379 952 intencione
1403 891 1436 952 in
1461 888 1518 953 illo
1541 890 1650 954 officio

296 1007 483 1071 ordinasset
505 1029 563 1072 seu
584 1009 726 1071 ordinari
750 1006 933 1072 laborasset
956 1053 963 1068 .
988 1056 996 1072 .
1020 1053 1028 1068 .
1051 1055 1059 1071 .
1082 1007 1201 1088 Nuper
1219 1007 1307 1071 enim
1328 1029 1412 1072 unus
1432 1010 1649 1093 episcopellus

296 1128 385 1192 dixit
410 1130 444 1191 in
469 1128 674 1193 confessione
696 1128 752 1191 uni
776 1148 897 1211 magno
923 1128 1098 1210 peccatori,
1121 1126 1173 1191 cui
1198 1128 1373 1192 videbatur
1394 1131 1484 1211 quod
1512 1129 1650 1195 horribi-

294 1247 420 1313 lissime
439 1250 595 1333 peccavit,
617 1248 690 1311 ‘Da
710 1246 828 1326 michi,'
848 1247 962 1331 inquit,
978 1245 1033 1310 ‘xl
1054 1247 1186 1327 solidos,
1202 1258 1237 1313 et
1258 1249 1404 1313 animam
1427 1271 1537 1314 meam
1560 1271 1650 1333 pono

295 1389 356 1451 pro
377 1369 489 1433 animo
510 1379 568 1433 tuo
588 1389 700 1432 coram
720 1364 816 1432 Deo.’
862 1368 983 1432 Merito
1003 1369 1033 1433 ei
1053 1368 1182 1433 dicetur
1199 1390 1219 1432 a
1235 1368 1319 1449 De0,
1336 1369 1557 1453 ‘Sanguinem
1578 1371 1650 1454 ejus

295 1489 339 1552 de
359 1509 458 1552 manu
474 1499 533 1554 tua
552 1484 734 1570 requiram?
750 1539 758 1552 .
775 1536 782 1551 .
798 1537 806 1553 .
823 1537 831 1552 .
848 1487 878 1552 Ο
897 1489 1041 1552 Domine
1056 1489 1168 1554 Deus!
1192 1490 1337 1554 concede
1357 1500 1394 1554 ut
1414 1491 1553 1555 vicarius
1573 1501 1650 1558 tuus

294 1629 383 1691 papa
410 1610 583 1672 Romanus
609 1609 698 1672 dicat
727 1608 792 1671 illis
821 1609 1058 1690 peccatoribus,
1084 1610 1140 1692 qui
1170 1611 1311 1674 credunt
1339 1609 1430 1674 nulla
1458 1611 1512 1675 vel
1541 1632 1648 1695 pauca

294 1729 415 1811 requiri
441 1728 494 1792 vel
520 1728 610 1810 exigi
636 1729 679 1792 ad
706 1728 949 1810 indulgenciam
975 1727 1175 1807 habendam,
1200 1731 1262 1793 nisi
1288 1731 1451 1810 daciones,
1476 1731 1530 1796 vel
1555 1732 1649 1797 obla·

295 1850 406 1912 ciones
430 1849 589 1932 pecuniae,
614 1848 667 1912 vel
695 1869 886 1927 munerum;
915 1849 1055 1930 pecunia
1081 1857 1191 1912 vestra
1216 1848 1386 1913 vobiscum
1413 1851 1515 1915 sitin
1541 1853 1649 1935 perdi-

294 1969 434 2046 cionem,
464 1971 525 2033 ie.
555 1990 630 2034 cum
661 1968 864 2051 obligatione
894 1990 960 2051 qua
986 1967 1059 2050 jam
1089 1968 1227 2051 obligati
1258 1969 1337 2034 estis
1365 1991 1477 2034 coram
1503 1972 1579 2037 Deo
1604 1974 1649 2038 ad

293 2110 429 2172 poenam
452 2102 610 2155 aeternam
634 2090 712 2173 quia
734 2090 950 2155 existimastis
972 2091 1097 2153 donum
1122 2090 1195 2169 Dei,
1218 2110 1376 2173 magnum
1401 2101 1436 2156 et
1457 2093 1649 2175 perlectum,

292 2229 354 2293 per
374 2211 549 2294 pecuniam
573 2210 686 2274 haberi
710 2219 744 2273 et
767 2209 915 2275 conferri.

380 2340 420 2408 [p.
444 2340 514 2406 581]
560 2331 657 2395 Heul
684 2330 853 2412 quiajam
877 2340 1032 2413 quaerunt
1053 2330 1207 2396 homines
1229 2331 1352 2396 habere
1376 2342 1410 2397 et
1432 2333 1577 2416 recipere
1601 2336 1649 2399 in·

293 2453 485 2536 dulgencias
507 2473 527 2516 a
551 2453 625 2516 Deo
648 2473 706 2535 per
729 2452 838 2515 media
863 2461 899 2516 et
920 2472 1022 2534 opera
1044 2452 1122 2515 vilia
1145 2460 1178 2516 et
1202 2451 1318 2527 facilia,
1342 2473 1416 2536 quae
1439 2454 1541 2518 homo
1563 2476 1647 2538 prae·

293 2573 374 2655 cipit
400 2583 433 2637 et
459 2573 622 2650 concedit,
644 2572 759 2654 pocius
785 2592 886 2654 quam
913 2592 973 2654 per
999 2572 1056 2635 illa
1082 2592 1183 2654 opera
1208 2591 1284 2653 quae
1310 2573 1403 2636 Deus
1429 2575 1586 2657 praecipit,
1613 2586 1648 2640 et

293 2714 369 2777 quae
392 2693 480 2758 racio
503 2704 537 2758 et
556 2695 716 2777 scriptura
737 2693 825 2757 bona
846 2715 919 2757 esse
940 2694 1097 2769 ostendit,
1118 2713 1162 2757 sc.
1181 2713 1240 2775 per
1258 2693 1429 2773 biberium,
1450 2715 1506 2758 seu
1529 2705 1647 2778 potum

292 2814 450 2878 haustum
474 2816 517 2878 ab
542 2836 608 2879 uno
634 2815 741 2897 cipho,
765 2814 808 2877 de
830 2835 896 2897 quo
918 2814 1070 2877 homines
1097 2814 1142 2877 sic
1169 2813 1296 2888 bibunt,
1321 2815 1410 2895 quod
1439 2814 1648 2895 inebriantur,

293 2944 450 3018 putantes
472 2956 509 2999 se
531 2956 592 3018 per
614 2934 707 2998 illum
730 2935 887 2998 haustum
909 2935 1039 2998 veniam
1063 2934 1197 3017 plenam
1219 2933 1342 2997 habere
1363 2955 1384 2997 a
1407 2935 1482 2998 Deo
1504 2935 1647 3018 plurium

293 3056 456 3119 malorum
487 3063 521 3119 et
552 3075 757 3137 magnorum.
804 3055 929 3118 Dicunt
958 3055 1047 3118 enim
1075 3053 1227 3118 homines
1254 3055 1412 3134 moderni,
1438 3057 1528 3137 quod
1559 3077 1648 3138 papa

293 3185 329 3241 et
357 3177 503 3260 episcopi
538 3175 765 3258 indulgencias
798 3185 1031 3239 concesserunt
1063 3175 1272 3238 visitantibus
1307 3184 1434 3239 certum
1463 3176 1582 3252 locum,
1613 3186 1648 3242 et

293 3298 483 3363 bibentibus
505 3298 548 3360 ad
574 3313 742 3361 summum
767 3296 810 3360 de
834 3295 894 3359 tali
919 3294 1026 3377 cipho,
1049 3304 1084 3359 et
1106 3295 1256 3359 offerenti
1279 3297 1455 3378 pecuniam
1481 3297 1540 3361 tali
1564 3297 1646 3376 loco,

292 3428 328 3483 et
347 3429 469 3502 putant
483 3417 548 3481 alia
567 3439 642 3500 quae
661 3425 738 3481 sunt
755 3416 936 3481 necessaria
956 3416 1054 3480 saluti
1073 3415 1192 3480 animae
1209 3437 1274 3479 non
1296 3437 1367 3480 esse
1382 3418 1572 3494 necessaria,
1587 3437 1647 3483 nec

292 3539 406 3604 debita
424 3538 494 3602 fieri
514 3539 558 3601 ab
579 3539 704 3602 eisdem
716 3559 724 3617 ;
752 3536 806 3601 ‘Si
826 3536 914 3600 enim
936 3536 1140 3615 sacrificium,
1161 3538 1181 3600 i.
1191 3557 1220 3600 e.
1241 3537 1457 3617 oblacionem,
1478 3537 1646 3617 voluisses,

293 3661 325 3726 Ο
346 3660 457 3723 Deus!
489 3659 549 3723 tibi
572 3659 748 3737 dedissem,
771 3653 844 3721 etc.’
889 3657 1008 3722 Omnis
1031 3656 1128 3736 enim,
1149 3658 1202 3721 vel
1225 3657 1317 3740 quasi
1340 3659 1456 3737 omnis,
1479 3657 1589 3723 zelant
1612 3669 1646 3724 et

292 3792 411 3864 optant
437 3779 560 3844 habere
585 3780 716 3843 veniam
742 3788 777 3842 et
801 3778 1006 3842 delecionem
1029 3779 1136 3842 omnis
1159 3777 1265 3860 culpae
1289 3789 1323 3843 et
1349 3799 1467 3860 poenae,
1491 3781 1549 3842 sed
1572 3780 1646 3861 quis

292 3911 388 3984 optat
417 3901 539 3964 habere
569 3901 680 3964 media
708 3919 768 3982 per
793 3919 869 3982 quae
900 3919 1011 3963 coram
1038 3899 1113 3962 Deo
1143 3899 1186 3963 ad
1218 3898 1349 3961 veniam
1379 3899 1573 3981 pervenitur,
1599 3921 1646 3965 sc.

292 4023 414 4086 bonam
440 4031 473 4085 et
494 4020 709 4084 sufficientem
732 4019 938 4083 voluntatem
962 4017 1104 4083 hominis
1127 4020 1170 4082 ad
1200 4018 1321 4082 Deum.

337 4142 440 4219 Cave,
465 4163 506 4205 ne
530 4140 615 4205 forte
641 4141 795 4223 surripiat
816 4139 877 4204 tibi
901 4140 1003 4223 impia
1025 4139 1196 4221 cogitacio,
1220 4147 1254 4203 et
1280 4139 1371 4203 dicas
1399 4139 1431 4201 in
1454 4141 1644 4218 cordetuo,

292 4262 571 4346 ‘Appropinquat
582 4283 689 4328 annus
704 4258 922 4339 remissionis,’
935 4260 1187 4327 Deuteronomii
1203 4272 1241 4340 15
1253 4267 1317 4325 ca0.
1349 4259 1405 4324 Sic
1420 4270 1467 4338 tu,
1480 4260 1512 4325 Ο
1524 4261 1645 4357 homo}
1668 4318 1675 4356 :
