3818 4904
270 405 332 472 134
644 394 744 451 LOCI
771 396 800 448 E
829 396 954 450 LIBRO
989 394 1264 463 VERITATUM„

269 619 304 673 et
328 631 422 674 orrea
448 631 561 674 eorum
582 611 799 692 projecerunt,
818 620 853 674 et
880 611 1012 692 penitus
1034 611 1278 689 destruxerunt,
1299 630 1375 674 cum
1397 628 1511 672 eorum
1529 607 1627 671 bonis

270 739 305 794 et
320 731 439 814 granis,
457 742 490 795 et
505 732 629 797 bestias
650 752 764 795 eorum
785 732 997 809 occiderunt3
1025 740 1193 795 ettamen
1214 751 1275 795 nec
1297 731 1330 793 in
1351 729 1424 812 jure
1447 729 1548 811 regni,
1565 748 1627 792 nec

271 852 304 914 in
329 852 527 917 executione
552 851 635 935 juris
663 852 810 917 ecclesiae
836 852 943 935 puniti
971 851 1113 927 luerunt,
1139 872 1199 915 nec
1229 852 1359 934 perdita
1383 858 1625 934 reparaverunt,

272 991 332 1036 nec
362 973 406 1036 ad
438 973 660 1056 reparandum
689 972 815 1055 aliquid
848 972 1026 1050 solverunt,
1053 981 1089 1036 et
1122 972 1243 1035 milites
1272 972 1359 1036 inter
1390 980 1527 1036 caeteros
1563 969 1627 1033 hoc

271 1093 427 1158 lecerunt.
473 1095 569 1171 Item,
594 1095 670 1157 novi
697 1116 799 1158 unum
821 1094 978 1176 juvenem
1004 1094 1235 1158 verberantem
1261 1093 1363 1157 alium
1389 1091 1559 1156 hominem
1587 1111 1628 1154 eo

271 1216 362 1296 quod
393 1215 483 1279 idem
512 1215 704 1279 verberatus
732 1216 837 1280 voluit
867 1216 1012 1297 inpuisse
1045 1235 1147 1278 unum
1178 1235 1294 1278 canem
1325 1212 1474 1297 magistri
1503 1211 1564 1290 sui,
1593 1221 1629 1276 et

272 1355 354 1398 mox
377 1356 462 1399 unus
483 1337 646 1418 pessimus
670 1336 764 1400 miles
789 1345 823 1401 et
847 1335 933 1400 filius
954 1335 1091 1419 dyaboli
1114 1345 1149 1400 et
1171 1347 1299 1418 patrem
1322 1335 1434 1416 Ipsius,
1455 1334 1512 1417 qui
1535 1353 1628 1398 reum

271 1455 464 1534 verberavit,
494 1457 591 1539 cepit,
622 1456 746 1539 ligavit,
769 1467 804 1521 et
833 1456 933 1520 duxit
962 1456 1102 1539 ligatum
1128 1457 1172 1519 ad
1202 1465 1359 1532 castrum,
1383 1463 1418 1519 et
1443 1454 1489 1516 ibi
1519 1454 1629 1537 ipsum

272 1576 417 1641 detinuit
443 1579 476 1640 in
503 1577 587 1641 lerro
614 1587 649 1641 et
673 1577 770 1655 fame,
795 1579 883 1642 unde
909 1598 953 1641 ex
981 1577 1038 1641 illa
1064 1576 1321 1641 incarceratione
1351 1575 1561 1653 moriebatur,
1585 1595 1630 1638 ex

273 1695 518 1762 infirmitatibus
548 1707 582 1763 et
612 1698 781 1763 doloribus
814 1698 957 1763 causatis
987 1698 1021 1760 in
1050 1698 1131 1781 ips0,
1160 1698 1241 1760 dum
1271 1696 1334 1760 fuit
1364 1697 1398 1760 in
1428 1716 1566 1774 carcere,
1596 1705 1631 1760 et

272 1818 371 1883 valde
395 1819 503 1884 bonus
528 1819 630 1883 homo
655 1820 717 1884 suit
744 1819 778 1881 in
804 1819 901 1897 fama,
929 1829 963 1883 et
989 1818 1184 1901 praedictam
1210 1819 1473 1884 verberationem
1498 1817 1632 1901 penitus

273 1941 443 2023 ignoravit,
460 1962 520 2006 nec
543 1951 620 2024 post
642 1941 766 2005 sactum
788 1940 901 2022 agenti
924 1939 1065 2017 favebat,
1080 1949 1114 2004 et
1136 1950 1208 2004 tum
1226 1942 1399 2024 tyrannice
1420 1940 1493 2006 haec
1514 1960 1632 2024 passus

274 2071 334 2140 est,
353 2073 388 2127 et
410 2064 460 2127 sui
484 2063 541 2126 filii
564 2062 660 2145 plura
684 2062 772 2125 mala
798 2063 887 2144 passi
910 2071 997 2127 sunt.
1043 2063 1141 2140 Item,
1166 2062 1254 2125 idem
1279 2072 1442 2145 tyrannus
1463 2061 1517 2126 vel
1536 2061 1633 2125 miles

273 2185 424 2249 vendidit
457 2205 558 2248 unam
592 2203 749 2266 magnam
782 2183 908 2260 silvam,
938 2184 1000 2246 sub
1035 2204 1095 2246 suo
1131 2184 1235 2266 signo,
1269 2185 1324 2247 uni
1361 2186 1433 2248 viro
1465 2183 1568 2260 fideli,
1598 2191 1633 2247 et

274 2305 410 2388 quando
436 2305 611 2388 pecuniam
636 2325 704 2386 prae
731 2304 885 2367 manibus
913 2304 1051 2386 accepit,
1077 2325 1158 2367 mox
1184 2306 1300 2368 silvam
1328 2306 1420 2370 illam
1446 2327 1467 2370 a
1494 2306 1633 2389 praesato

274 2428 345 2492 viro
369 2427 402 2491 vi
426 2427 575 2504 abstulit,
599 2436 633 2490 et
659 2425 733 2489 aliis
758 2425 916 2503 vendidit,
940 2436 974 2490 et
998 2427 1031 2488 in
1055 2447 1116 2489 suo
1141 2427 1273 2509 proprio
1296 2427 1370 2491 loco
1392 2427 1576 2510 asportavit
1600 2437 1634 2492 et

274 2549 466 2613 indenturas
490 2547 577 2630 parti
604 2549 653 2611 sui
679 2547 787 2629 fregit.
842 2545 944 2610 Unde
974 2546 1029 2609 ille
1056 2547 1163 2609 fidelis
1192 2546 1295 2610 homo
1319 2549 1433 2612 omnia
1454 2549 1544 2613 bona
1573 2569 1634 2612 sua

274 2668 429 2752 perdidit,
453 2678 487 2732 et
516 2668 550 2730 in
578 2687 700 2750 magna
722 2666 860 2731 tristicia
883 2666 975 2745 obiit,
999 2675 1033 2731 et
1055 2677 1169 2731 tamen
1196 2668 1230 2731 in
1252 2667 1375 2733 talibus
1402 2668 1498 2733 malis
1525 2669 1635 2733 nullus

271 2790 379 2872 judex
406 2788 502 2867 sedit,
527 2808 586 2853 nec
610 2797 789 2871 tyrannum
814 2787 1013 2871 praedictum
1036 2787 1174 2870 punivit,
1203 2809 1263 2852 nec
1288 2789 1415 2854 audent
1438 2789 1510 2872 jam
1537 2789 1637 2854 susti·

276 2920 394 2974 nentes
420 2909 611 2972 manifestas
634 2908 769 2991 injurias
795 2908 955 2990 quaerelas
977 2929 1054 2972 suas
1077 2930 1215 2987 narrare,
1235 2930 1296 2974 nec
1320 2910 1438 2988 dicere,
1459 2931 1520 2975 nec
1543 2911 1636 2976 testi·

277 3031 426 3093 monium
445 3028 624 3111 perhibere,
639 3029 717 3111 quia
740 3049 822 3092 mox
840 3039 920 3093 tunc
936 3030 1152 3094 verberantur
1168 3031 1221 3094 vel
1243 3031 1447 3107 occiduntur,
1464 3040 1498 3096 et
1516 3033 1638 3096 domus

277 3171 392 3215 eorum
414 3151 636 3227 destruuntur,
653 3158 687 3211 et
709 3149 867 3232 fugantur
889 3170 1003 3213 eorum
1018 3152 1125 3230 amici,
1141 3151 1292 3233 quamvis
1316 3151 1415 3215 nichil
1442 3152 1475 3214 in
1497 3154 1639 3218 materia

276 3281 388 3354 agant.
435 3270 519 3333 Haec
541 3269 657 3347 scribo,
681 3279 717 3333 ut
739 3271 863 3352 posteri
890 3281 1092 3352 cognoscant
1119 3272 1209 3354 quod
1234 3270 1323 3354 juste
1350 3272 1446 3355 punit
1470 3273 1638 3339 Dominus

277 3412 417 3475 regnum
445 3390 500 3454 ubi
529 3389 610 3454 talia
635 3391 740 3454 multa
765 3390 830 3454 alia
854 3392 999 3473 pessima
1026 3403 1174 3475 regnant,
1200 3404 1233 3457 et
1260 3395 1306 3457 sic
1327 3393 1408 3475 justi
1434 3394 1637 3471 auferuntur,

278 3524 313 3579 et
341 3512 400 3596 qui
426 3512 681 3589 considerarent,
707 3531 772 3575 non
799 3514 995 3594 ponderant.
1050 3514 1119 3578 Sed
1149 3515 1271 3579 veritas
1301 3516 1388 3593 vitae,
1411 3516 1579 3590 doctrinae,
1604 3526 1639 3581 et

272 3634 416 3717 justiciae
438 3633 560 3698 cormit
580 3633 613 3696 in
631 3632 774 3716 plateis;
797 3635 897 3699 credo
920 3636 1010 3717 quod
1033 3636 1130 3699 inicia
1152 3637 1304 3700 dolorum
1319 3636 1392 3701 haec
1414 3647 1500 3702 sunt.
1546 3638 1640 3701 Deus

277 3757 391 3822 videat
421 3755 596 3833 Dominus
623 3764 658 3818 et
684 3755 839 3837 requirat,
867 3757 952 3821 sicut
978 3758 1085 3821 oravit
1111 3756 1288 3822 Zacharias
1314 3757 1478 3837 sacerdos,
1504 3758 1640 3841 quando

278 3878 475 3962 lapidabant
505 3897 582 3941 eum
606 3897 667 3961 pro
691 3879 945 3959 reprehensione
971 3879 1099 3962 peccati
1129 3900 1252 3957 eorum,
1274 3889 1312 3943 ut
1337 3887 1432 3962 patet
1456 3885 1491 3945 2⁰
1518 3878 1641 3944 Parali-

277 4021 445 4082 pomenon
468 4006 533 4077 24⁰.

266 4174 268 4180 ,
366 4130 407 4198 [p.
433 4130 484 4196 25]
532 4122 610 4203 Jam
638 4122 725 4185 enim
748 4121 943 4187 habundant
969 4123 1114 4187 licenciae
1138 4144 1204 4187 non
1228 4123 1391 4188 residendi
1424 4122 1456 4186 in
1486 4122 1639 4198 ecclesiis,

280 4263 341 4306 nec
370 4243 403 4305 in
434 4242 557 4320 officiis,
587 4253 621 4307 et
651 4244 722 4326 ipsi,
754 4244 810 4326 qui
841 4244 966 4311 habent
997 4244 1158 4311 beneficia
1191 4267 1248 4310 seu
1282 4246 1399 4322 officia,
1420 4254 1541 4309 vacant
1573 4246 1641 4309 suis
