<?xml version="1.0" encoding="UTF-8"?>
<!DOCTYPE html PUBLIC "-//W3C//DTD XHTML 1.0 Transitional//EN"
    "http://www.w3.org/TR/xhtml1/DTD/xhtml1-transitional.dtd">
<html xmlns="http://www.w3.org/1999/xhtml" xml:lang="en" lang="en">
 <head>
  <title>
</title>
<meta http-equiv="Content-Type" content="text/html;charset=utf-8" />
  <meta name='ocr-system' content='tesseract 3.04.00' />
  <meta name='ocr-capabilities' content='ocr_page ocr_carea ocr_par ocr_line ocrx_word'/>
</head>
<body>
  <div class='ocr_page' id='page_1' title='image "./locielibroverit00gascgoog/locielibroverit00gascgoog_0166.png"; bbox 0 0 3818 4904; ppageno 0'>
   <div class='ocr_carea' id='block_1_1' title="bbox 671 430 1647 509">
    <p class='ocr_par' dir='ltr' id='par_1_1' title="bbox 671 430 1647 509">
     <span class='ocr_line' id='line_1_1' title="bbox 671 430 1647 509; baseline -0.002 -15"><span class='ocrx_word' id='word_1_1' title='bbox 671 440 771 496; x_wconf 86' lang='lat' dir='ltr'><em>LOCI</em></span> <span class='ocrx_word' id='word_1_2' title='bbox 796 441 826 493; x_wconf 90' lang='lat' dir='ltr'><em>E</em></span> <span class='ocrx_word' id='word_1_3' title='bbox 853 439 979 494; x_wconf 86' lang='lat' dir='ltr'><em>LIBRO</em></span> <span class='ocrx_word' id='word_1_4' title='bbox 1014 438 1270 497; x_wconf 79' lang='lat' dir='ltr'><em>VERITATUM.</em></span> <span class='ocrx_word' id='word_1_5' title='bbox 1602 430 1647 509; x_wconf 88' lang='lat'>65</span> 
     </span>
    </p>
   </div>
   <div class='ocr_carea' id='block_1_2' title="bbox 294 651 1647 2059">
    <p class='ocr_par' dir='ltr' id='par_1_2' title="bbox 294 651 1647 2059">
     <span class='ocr_line' id='line_1_2' title="bbox 295 651 1646 735; baseline -0.002 -18"><span class='ocrx_word' id='word_1_6' title='bbox 295 654 416 717; x_wconf 92' lang='lat' dir='ltr'>timore</span> <span class='ocrx_word' id='word_1_7' title='bbox 441 652 556 734; x_wconf 88' lang='lat' dir='ltr'>majori</span> <span class='ocrx_word' id='word_1_8' title='bbox 579 653 640 717; x_wconf 91' lang='lat' dir='ltr'>erit</span> <span class='ocrx_word' id='word_1_9' title='bbox 660 663 801 717; x_wconf 86' lang='lat' dir='ltr'>curatus.</span> <span class='ocrx_word' id='word_1_10' title='bbox 846 652 912 735; x_wconf 87' lang='lat' dir='ltr'>Qui</span> <span class='ocrx_word' id='word_1_11' title='bbox 936 652 1008 716; x_wconf 84' lang='lat' dir='ltr'>haec</span> <span class='ocrx_word' id='word_1_12' title='bbox 1029 652 1152 727; x_wconf 91' lang='lat' dir='ltr'>dicunt,</span> <span class='ocrx_word' id='word_1_13' title='bbox 1173 653 1299 734; x_wconf 90' lang='lat' dir='ltr'>seipsos</span> <span class='ocrx_word' id='word_1_14' title='bbox 1321 651 1489 730; x_wconf 90' lang='lat' dir='ltr'>seducunt,</span> <span class='ocrx_word' id='word_1_15' title='bbox 1506 662 1539 716; x_wconf 92' lang='lat' dir='ltr'>et</span> <span class='ocrx_word' id='word_1_16' title='bbox 1561 651 1646 715; x_wconf 83' lang='lat' dir='ltr'>veri·</span> 
     </span>
     <span class='ocr_line' id='line_1_3' title="bbox 295 772 1646 851; baseline -0.001 -14"><span class='ocrx_word' id='word_1_17' title='bbox 295 783 401 837; x_wconf 90' lang='lat' dir='ltr'>tatem</span> <span class='ocrx_word' id='word_1_18' title='bbox 421 773 597 851; x_wconf 85' lang='lat' dir='ltr'>occultant,</span> <span class='ocrx_word' id='word_1_19' title='bbox 612 783 646 837; x_wconf 87' lang='lat' dir='ltr'>et</span> <span class='ocrx_word' id='word_1_20' title='bbox 668 774 775 837; x_wconf 92' lang='lat' dir='ltr'>lucem</span> <span class='ocrx_word' id='word_1_21' title='bbox 797 774 951 837; x_wconf 85' lang='lat' dir='ltr'>tenebras</span> <span class='ocrx_word' id='word_1_22' title='bbox 971 793 1042 836; x_wconf 91' lang='lat' dir='ltr'>esse</span> <span class='ocrx_word' id='word_1_23' title='bbox 1062 773 1236 849; x_wconf 90' lang='lat' dir='ltr'>affirmant,</span> <span class='ocrx_word' id='word_1_24' title='bbox 1253 773 1327 836; x_wconf 93' lang='lat' dir='ltr'>ideo</span> <span class='ocrx_word' id='word_1_25' title='bbox 1345 772 1426 835; x_wconf 87' lang='lat' dir='ltr'>‘Vae</span> <span class='ocrx_word' id='word_1_26' title='bbox 1449 772 1543 836; x_wconf 84' lang='lat' dir='ltr'>illisl’</span> <span class='ocrx_word' id='word_1_27' title='bbox 1566 772 1646 836; x_wconf 89' lang='lat' dir='ltr'>dicit</span> 
     </span>
     <span class='ocr_line' id='line_1_4' title="bbox 295 891 1647 975; baseline -0.003 -18"><span class='ocrx_word' id='word_1_28' title='bbox 295 893 463 958; x_wconf 87' lang='lat' dir='ltr'>Dominus</span> <span class='ocrx_word' id='word_1_29' title='bbox 486 894 597 957; x_wconf 86' lang='lat' dir='ltr'>Ysaiae</span> <span class='ocrx_word' id='word_1_30' title='bbox 622 894 745 975; x_wconf 89' lang='lat' dir='ltr'>quinto,</span> <span class='ocrx_word' id='word_1_31' title='bbox 771 893 827 956; x_wconf 95' lang='lat' dir='ltr'>ubi</span> <span class='ocrx_word' id='word_1_32' title='bbox 857 894 970 957; x_wconf 90' lang='lat' dir='ltr'>dicunt</span> <span class='ocrx_word' id='word_1_33' title='bbox 996 893 1087 975; x_wconf 92' lang='lat' dir='ltr'>quod</span> <span class='ocrx_word' id='word_1_34' title='bbox 1118 893 1219 955; x_wconf 91' lang='lat' dir='ltr'>nimia</span> <span class='ocrx_word' id='word_1_35' title='bbox 1244 891 1448 956; x_wconf 83' lang='lat' dir='ltr'>familiaritas</span> <span class='ocrx_word' id='word_1_36' title='bbox 1474 892 1647 975; x_wconf 90' lang='lat' dir='ltr'>parochia·</span> 
     </span>
     <span class='ocr_line' id='line_1_5' title="bbox 296 1012 1646 1098; baseline -0.001 -22"><span class='ocrx_word' id='word_1_37' title='bbox 296 1035 413 1079; x_wconf 89' lang='lat' dir='ltr'>norum</span> <span class='ocrx_word' id='word_1_38' title='bbox 442 1015 528 1098; x_wconf 90' lang='lat' dir='ltr'>parit</span> <span class='ocrx_word' id='word_1_39' title='bbox 565 1023 794 1095; x_wconf 89' lang='lat' dir='ltr'>contemptum</span> <span class='ocrx_word' id='word_1_40' title='bbox 827 1015 930 1077; x_wconf 90' lang='lat' dir='ltr'>curati</span> <span class='ocrx_word' id='word_1_41' title='bbox 960 1035 1018 1077; x_wconf 90' lang='lat' dir='ltr'>seu</span> <span class='ocrx_word' id='word_1_42' title='bbox 1054 1013 1209 1095; x_wconf 86' lang='lat' dir='ltr'>episcopi,</span> <span class='ocrx_word' id='word_1_43' title='bbox 1241 1033 1319 1094; x_wconf 88' lang='lat' dir='ltr'>ergo</span> <span class='ocrx_word' id='word_1_44' title='bbox 1353 1013 1506 1077; x_wconf 87' lang='lat' dir='ltr'>absencia</span> <span class='ocrx_word' id='word_1_45' title='bbox 1543 1012 1646 1076; x_wconf 90' lang='lat' dir='ltr'>curati</span> 
     </span>
     <span class='ocr_line' id='line_1_6' title="bbox 296 1133 1647 1216; baseline -0.001 -18"><span class='ocrx_word' id='word_1_46' title='bbox 296 1136 451 1198; x_wconf 88' lang='lat' dir='ltr'>diuturna</span> <span class='ocrx_word' id='word_1_47' title='bbox 481 1134 596 1197; x_wconf 89' lang='lat' dir='ltr'>melior</span> <span class='ocrx_word' id='word_1_48' title='bbox 617 1144 668 1197; x_wconf 91' lang='lat' dir='ltr'>est</span> <span class='ocrx_word' id='word_1_49' title='bbox 694 1154 793 1216; x_wconf 90' lang='lat' dir='ltr'>quam</span> <span class='ocrx_word' id='word_1_50' title='bbox 817 1136 973 1197; x_wconf 91' lang='lat' dir='ltr'>continua</span> <span class='ocrx_word' id='word_1_51' title='bbox 995 1133 1049 1196; x_wconf 91' lang='lat' dir='ltr'>vel</span> <span class='ocrx_word' id='word_1_52' title='bbox 1079 1134 1261 1197; x_wconf 87' lang='lat' dir='ltr'>necessaria</span> <span class='ocrx_word' id='word_1_53' title='bbox 1287 1154 1362 1197; x_wconf 90' lang='lat' dir='ltr'>cum</span> <span class='ocrx_word' id='word_1_54' title='bbox 1384 1154 1484 1216; x_wconf 83' lang='lat' dir='ltr'>grege</span> <span class='ocrx_word' id='word_1_55' title='bbox 1511 1155 1572 1196; x_wconf 92' lang='lat' dir='ltr'>suo</span> <span class='ocrx_word' id='word_1_56' title='bbox 1597 1155 1647 1196; x_wconf 90' lang='lat' dir='ltr'>re·</span> 
     </span>
     <span class='ocr_line' id='line_1_7' title="bbox 296 1254 1645 1337; baseline -0.001 -19"><span class='ocrx_word' id='word_1_57' title='bbox 296 1257 451 1320; x_wconf 88' lang='lat' dir='ltr'>sidencia.</span> <span class='ocrx_word' id='word_1_58' title='bbox 497 1254 563 1337; x_wconf 86' lang='lat' dir='ltr'>Qui</span> <span class='ocrx_word' id='word_1_59' title='bbox 580 1254 643 1318; x_wconf 90' lang='lat' dir='ltr'>isto</span> <span class='ocrx_word' id='word_1_60' title='bbox 663 1256 762 1317; x_wconf 92' lang='lat' dir='ltr'>modo</span> <span class='ocrx_word' id='word_1_61' title='bbox 783 1255 897 1318; x_wconf 90' lang='lat' dir='ltr'>dicunt</span> <span class='ocrx_word' id='word_1_62' title='bbox 912 1265 1054 1336; x_wconf 89' lang='lat' dir='ltr'>arguunt</span> <span class='ocrx_word' id='word_1_63' title='bbox 1072 1255 1153 1318; x_wconf 87' lang='lat' dir='ltr'>acsi</span> <span class='ocrx_word' id='word_1_64' title='bbox 1170 1255 1244 1336; x_wconf 94' lang='lat' dir='ltr'>quis</span> <span class='ocrx_word' id='word_1_65' title='bbox 1259 1255 1390 1332; x_wconf 88' lang='lat' dir='ltr'>diceret,</span> <span class='ocrx_word' id='word_1_66' title='bbox 1407 1254 1532 1317; x_wconf 93' lang='lat' dir='ltr'>‘Nolos</span> <span class='ocrx_word' id='word_1_67' title='bbox 1548 1255 1645 1317; x_wconf 89' lang='lat' dir='ltr'>edere</span> 
     </span>
     <span class='ocr_line' id='line_1_8' title="bbox 295 1374 1646 1459; baseline -0.003 -19"><span class='ocrx_word' id='word_1_68' title='bbox 295 1397 400 1459; x_wconf 92' lang='lat' dir='ltr'>prope</span> <span class='ocrx_word' id='word_1_69' title='bbox 422 1375 533 1458; x_wconf 89' lang='lat' dir='ltr'>ignem</span> <span class='ocrx_word' id='word_1_70' title='bbox 556 1394 598 1436; x_wconf 92' lang='lat' dir='ltr'>ne</span> <span class='ocrx_word' id='word_1_71' title='bbox 620 1374 703 1436; x_wconf 83' lang='lat' dir='ltr'>forte</span> <span class='ocrx_word' id='word_1_72' title='bbox 726 1375 898 1437; x_wconf 91' lang='lat' dir='ltr'>comburat</span> <span class='ocrx_word' id='word_1_73' title='bbox 926 1394 1000 1451; x_wconf 89' lang='lat' dir='ltr'>me;</span> <span class='ocrx_word' id='word_1_74' title='bbox 1032 1374 1109 1437; x_wconf 95' lang='lat' dir='ltr'>nolo</span> <span class='ocrx_word' id='word_1_75' title='bbox 1132 1375 1267 1437; x_wconf 92' lang='lat' dir='ltr'>omnino</span> <span class='ocrx_word' id='word_1_76' title='bbox 1292 1376 1466 1438; x_wconf 86' lang='lat' dir='ltr'>comedere</span> <span class='ocrx_word' id='word_1_77' title='bbox 1489 1375 1646 1438; x_wconf 90' lang='lat' dir='ltr'>necibus</span> 
     </span>
     <span class='ocr_line' id='line_1_9' title="bbox 296 1490 1645 1577; baseline -0.002 -18"><span class='ocrx_word' id='word_1_78' title='bbox 296 1496 434 1559; x_wconf 79' lang='lat' dir='ltr'>suffocet</span> <span class='ocrx_word' id='word_1_79' title='bbox 466 1490 537 1568; x_wconf 88' lang='lat' dir='ltr'>me,&#39;</span> <span class='ocrx_word' id='word_1_80' title='bbox 568 1495 660 1575; x_wconf 90' lang='lat' dir='ltr'>quasi</span> <span class='ocrx_word' id='word_1_81' title='bbox 698 1504 791 1557; x_wconf 93' lang='lat' dir='ltr'>actus</span> <span class='ocrx_word' id='word_1_82' title='bbox 822 1495 908 1566; x_wconf 90' lang='lat' dir='ltr'>boni,</span> <span class='ocrx_word' id='word_1_83' title='bbox 941 1496 1112 1558; x_wconf 90' lang='lat' dir='ltr'>necessarii</span> <span class='ocrx_word' id='word_1_84' title='bbox 1146 1494 1224 1571; x_wconf 82' lang='lat' dir='ltr'>fieri,</span> <span class='ocrx_word' id='word_1_85' title='bbox 1248 1516 1312 1558; x_wconf 92' lang='lat' dir='ltr'>non</span> <span class='ocrx_word' id='word_1_86' title='bbox 1344 1506 1479 1577; x_wconf 88' lang='lat' dir='ltr'>possent</span> <span class='ocrx_word' id='word_1_87' title='bbox 1510 1496 1569 1558; x_wconf 91' lang='lat' dir='ltr'>nisi</span> <span class='ocrx_word' id='word_1_88' title='bbox 1601 1515 1645 1557; x_wconf 87' lang='lat' dir='ltr'>ex</span> 
     </span>
     <span class='ocr_line' id='line_1_10' title="bbox 296 1614 1645 1696; baseline -0.001 -16"><span class='ocrx_word' id='word_1_89' title='bbox 296 1617 360 1681; x_wconf 90' lang='lat' dir='ltr'>illis</span> <span class='ocrx_word' id='word_1_90' title='bbox 382 1617 478 1679; x_wconf 91' lang='lat' dir='ltr'>bonis</span> <span class='ocrx_word' id='word_1_91' title='bbox 500 1614 628 1677; x_wconf 91' lang='lat' dir='ltr'>actibus</span> <span class='ocrx_word' id='word_1_92' title='bbox 650 1615 833 1677; x_wconf 86' lang='lat' dir='ltr'>necessario</span> <span class='ocrx_word' id='word_1_93' title='bbox 860 1624 1074 1696; x_wconf 88' lang='lat' dir='ltr'>sequerentur</span> <span class='ocrx_word' id='word_1_94' title='bbox 1098 1616 1196 1678; x_wconf 92' lang='lat' dir='ltr'>mala.</span> <span class='ocrx_word' id='word_1_95' title='bbox 1244 1616 1380 1693; x_wconf 89' lang='lat' dir='ltr'>Revera,</span> <span class='ocrx_word' id='word_1_96' title='bbox 1404 1615 1431 1678; x_wconf 93' lang='lat' dir='ltr'>si</span> <span class='ocrx_word' id='word_1_97' title='bbox 1455 1636 1533 1679; x_wconf 88' lang='lat' dir='ltr'>vera</span> <span class='ocrx_word' id='word_1_98' title='bbox 1559 1624 1645 1678; x_wconf 88' lang='lat' dir='ltr'>esset</span> 
     </span>
     <span class='ocr_line' id='line_1_11' title="bbox 294 1734 1645 1817; baseline -0.001 -16"><span class='ocrx_word' id='word_1_99' title='bbox 294 1738 368 1801; x_wconf 88' lang='lat' dir='ltr'>haec</span> <span class='ocrx_word' id='word_1_100' title='bbox 398 1734 480 1798; x_wconf 89' lang='lat' dir='ltr'>salsa</span> <span class='ocrx_word' id='word_1_101' title='bbox 505 1734 694 1797; x_wconf 90' lang='lat' dir='ltr'>absencium</span> <span class='ocrx_word' id='word_1_102' title='bbox 725 1744 913 1797; x_wconf 92' lang='lat' dir='ltr'>curatorum</span> <span class='ocrx_word' id='word_1_103' title='bbox 943 1736 1129 1814; x_wconf 85' lang='lat' dir='ltr'>excusacio,</span> <span class='ocrx_word' id='word_1_104' title='bbox 1161 1735 1396 1802; x_wconf 87' lang='lat' dir='ltr'>Sanctissimus</span> <span class='ocrx_word' id='word_1_105' title='bbox 1421 1736 1541 1799; x_wconf 86' lang='lat' dir='ltr'>Paulus</span> <span class='ocrx_word' id='word_1_106' title='bbox 1571 1756 1645 1817; x_wconf 92' lang='lat' dir='ltr'>pec-</span> 
     </span>
     <span class='ocr_line' id='line_1_12' title="bbox 296 1854 1647 1938; baseline -0.003 -15"><span class='ocrx_word' id='word_1_107' title='bbox 296 1867 404 1924; x_wconf 90' lang='lat' dir='ltr'>casset</span> <span class='ocrx_word' id='word_1_108' title='bbox 434 1877 474 1920; x_wconf 92' lang='lat' dir='ltr'>eo</span> <span class='ocrx_word' id='word_1_109' title='bbox 503 1855 602 1937; x_wconf 94' lang='lat' dir='ltr'>quod,</span> <span class='ocrx_word' id='word_1_110' title='bbox 628 1863 714 1918; x_wconf 88' lang='lat' dir='ltr'>teste</span> <span class='ocrx_word' id='word_1_111' title='bbox 743 1856 861 1935; x_wconf 89' lang='lat' dir='ltr'>seipso,</span> <span class='ocrx_word' id='word_1_112' title='bbox 887 1854 1034 1919; x_wconf 91' lang='lat' dir='ltr'>Actuum</span> <span class='ocrx_word' id='word_1_113' title='bbox 1064 1856 1229 1931; x_wconf 90' lang='lat' dir='ltr'>vicesimo,</span> <span class='ocrx_word' id='word_1_114' title='bbox 1258 1876 1316 1938; x_wconf 93' lang='lat' dir='ltr'>per</span> <span class='ocrx_word' id='word_1_115' title='bbox 1341 1857 1517 1920; x_wconf 89' lang='lat' dir='ltr'>triennium</span> <span class='ocrx_word' id='word_1_116' title='bbox 1547 1866 1647 1919; x_wconf 88' lang='lat' dir='ltr'>nocte</span> 
     </span>
     <span class='ocr_line' id='line_1_13' title="bbox 295 1974 1644 2059; baseline -0.002 -17"><span class='ocrx_word' id='word_1_117' title='bbox 295 1987 332 2042; x_wconf 90' lang='lat' dir='ltr'>et</span> <span class='ocrx_word' id='word_1_118' title='bbox 355 1978 409 2040; x_wconf 91' lang='lat' dir='ltr'>die</span> <span class='ocrx_word' id='word_1_119' title='bbox 439 1975 585 2039; x_wconf 86' lang='lat' dir='ltr'>residens</span> <span class='ocrx_word' id='word_1_120' title='bbox 611 1974 672 2039; x_wconf 83' lang='lat' dir='ltr'>luit</span> <span class='ocrx_word' id='word_1_121' title='bbox 703 1974 736 2035; x_wconf 93' lang='lat' dir='ltr'>in</span> <span class='ocrx_word' id='word_1_122' title='bbox 762 1994 848 2052; x_wconf 93' lang='lat' dir='ltr'>cura,</span> <span class='ocrx_word' id='word_1_123' title='bbox 873 1976 995 2038; x_wconf 90' lang='lat' dir='ltr'>cotidie</span> <span class='ocrx_word' id='word_1_124' title='bbox 1026 1996 1164 2039; x_wconf 92' lang='lat' dir='ltr'>monens</span> <span class='ocrx_word' id='word_1_125' title='bbox 1191 1977 1350 2059; x_wconf 92' lang='lat' dir='ltr'>populum</span> <span class='ocrx_word' id='word_1_126' title='bbox 1375 1976 1469 2040; x_wconf 84' lang='lat' dir='ltr'>Asiae</span> <span class='ocrx_word' id='word_1_127' title='bbox 1497 1976 1644 2052; x_wconf 91' lang='lat' dir='ltr'>Minoris,</span> 
     </span>
    </p>
   </div>
   <div class='ocr_carea' id='block_1_3' title="bbox 294 2093 1645 2181">
    <p class='ocr_par' dir='ltr' id='par_1_3' title="bbox 294 2093 1645 2181">
     <span class='ocr_line' id='line_1_14' title="bbox 294 2093 1645 2181; baseline -0.003 -19"><span class='ocrx_word' id='word_1_128' title='bbox 294 2118 372 2181; x_wconf 90' lang='lat' dir='ltr'>quae</span> <span class='ocrx_word' id='word_1_129' title='bbox 394 2116 507 2162; x_wconf 90' lang='lat' dir='ltr'>revera</span> <span class='ocrx_word' id='word_1_130' title='bbox 527 2094 706 2158; x_wconf 87' lang='lat' dir='ltr'>residencia</span> <span class='ocrx_word' id='word_1_131' title='bbox 723 2093 820 2157; x_wconf 91' lang='lat' dir='ltr'>valde</span> <span class='ocrx_word' id='word_1_132' title='bbox 842 2104 956 2158; x_wconf 91' lang='lat' dir='ltr'>sancta</span> <span class='ocrx_word' id='word_1_133' title='bbox 979 2105 1012 2159; x_wconf 92' lang='lat' dir='ltr'>et</span> <span class='ocrx_word' id='word_1_134' title='bbox 1036 2098 1201 2160; x_wconf 91' lang='lat' dir='ltr'>meritoria</span> <span class='ocrx_word' id='word_1_135' title='bbox 1224 2097 1296 2161; x_wconf 84' lang='lat' dir='ltr'>luit.</span> <span class='ocrx_word' id='word_1_136' title='bbox 1340 2097 1442 2161; x_wconf 85' lang='lat' dir='ltr'>Absit</span> <span class='ocrx_word' id='word_1_137' title='bbox 1465 2117 1543 2178; x_wconf 87' lang='lat' dir='ltr'>ergo</span> <span class='ocrx_word' id='word_1_138' title='bbox 1565 2098 1645 2178; x_wconf 92' lang='lat' dir='ltr'>quin</span> 
     </span>
    </p>
   </div>
   <div class='ocr_carea' id='block_1_4' title="bbox 293 2214 1649 4228">
    <p class='ocr_par' dir='ltr' id='par_1_4' title="bbox 293 2214 1649 4228">
     <span class='ocr_line' id='line_1_15' title="bbox 295 2214 1646 2296; baseline -0.003 -13"><span class='ocrx_word' id='word_1_139' title='bbox 295 2220 404 2283; x_wconf 91' lang='lat' dir='ltr'>bonus</span> <span class='ocrx_word' id='word_1_140' title='bbox 440 2225 573 2280; x_wconf 89' lang='lat' dir='ltr'>curatus</span> <span class='ocrx_word' id='word_1_141' title='bbox 610 2214 752 2277; x_wconf 90' lang='lat' dir='ltr'>residere</span> <span class='ocrx_word' id='word_1_142' title='bbox 785 2215 907 2296; x_wconf 91' lang='lat' dir='ltr'>poterit</span> <span class='ocrx_word' id='word_1_143' title='bbox 937 2217 971 2278; x_wconf 96' lang='lat' dir='ltr'>in</span> <span class='ocrx_word' id='word_1_144' title='bbox 1000 2237 1078 2280; x_wconf 91' lang='lat' dir='ltr'>cura</span> <span class='ocrx_word' id='word_1_145' title='bbox 1107 2238 1168 2280; x_wconf 90' lang='lat' dir='ltr'>sua</span> <span class='ocrx_word' id='word_1_146' title='bbox 1197 2218 1267 2281; x_wconf 90' lang='lat' dir='ltr'>sine</span> <span class='ocrx_word' id='word_1_147' title='bbox 1305 2219 1406 2281; x_wconf 91' lang='lat' dir='ltr'>nimia</span> <span class='ocrx_word' id='word_1_148' title='bbox 1436 2238 1494 2280; x_wconf 91' lang='lat' dir='ltr'>seu</span> <span class='ocrx_word' id='word_1_149' title='bbox 1524 2217 1646 2280; x_wconf 92' lang='lat' dir='ltr'>viciosa</span> 
     </span>
     <span class='ocr_line' id='line_1_16' title="bbox 295 2335 1645 2421; baseline -0.003 -19"><span class='ocrx_word' id='word_1_150' title='bbox 295 2338 526 2414; x_wconf 82' lang='lat' dir='ltr'>familiaritate,</span> <span class='ocrx_word' id='word_1_151' title='bbox 557 2343 593 2397; x_wconf 92' lang='lat' dir='ltr'>ut</span> <span class='ocrx_word' id='word_1_152' title='bbox 623 2335 694 2397; x_wconf 89' lang='lat' dir='ltr'>dux</span> <span class='ocrx_word' id='word_1_153' title='bbox 725 2344 758 2398; x_wconf 98' lang='lat' dir='ltr'>et</span> <span class='ocrx_word' id='word_1_154' title='bbox 788 2336 906 2398; x_wconf 91' lang='lat' dir='ltr'>ductor</span> <span class='ocrx_word' id='word_1_155' title='bbox 935 2337 1048 2418; x_wconf 93' lang='lat' dir='ltr'>populi</span> <span class='ocrx_word' id='word_1_156' title='bbox 1077 2337 1151 2400; x_wconf 91' lang='lat' dir='ltr'>Dei.</span> <span class='ocrx_word' id='word_1_157' title='bbox 1206 2338 1275 2404; x_wconf 96' lang='lat' dir='ltr'>Ubi</span> <span class='ocrx_word' id='word_1_158' title='bbox 1304 2358 1383 2402; x_wconf 89' lang='lat' dir='ltr'>vero</span> <span class='ocrx_word' id='word_1_159' title='bbox 1413 2338 1558 2421; x_wconf 90' lang='lat' dir='ltr'>episcopi</span> <span class='ocrx_word' id='word_1_160' title='bbox 1587 2357 1645 2399; x_wconf 88' lang='lat' dir='ltr'>seu</span> 
     </span>
     <span class='ocr_line' id='line_1_17' title="bbox 294 2454 1647 2541; baseline -0.001 -19"><span class='ocrx_word' id='word_1_161' title='bbox 294 2459 351 2522; x_wconf 90' lang='lat' dir='ltr'>alii</span> <span class='ocrx_word' id='word_1_162' title='bbox 378 2457 593 2541; x_wconf 62' lang='lat' dir='ltr'>praesidentes</span> <span class='ocrx_word' id='word_1_163' title='bbox 621 2455 736 2518; x_wconf 91' lang='lat' dir='ltr'>dicunt</span> <span class='ocrx_word' id='word_1_164' title='bbox 768 2454 861 2534; x_wconf 89' lang='lat' dir='ltr'>male,</span> <span class='ocrx_word' id='word_1_165' title='bbox 888 2477 923 2518; x_wconf 95' lang='lat' dir='ltr'>se</span> <span class='ocrx_word' id='word_1_166' title='bbox 952 2459 1153 2535; x_wconf 87' lang='lat' dir='ltr'>excusando,</span> <span class='ocrx_word' id='word_1_167' title='bbox 1177 2458 1365 2522; x_wconf 86' lang='lat' dir='ltr'>‘Absencia</span> <span class='ocrx_word' id='word_1_168' title='bbox 1396 2459 1499 2522; x_wconf 91' lang='lat' dir='ltr'>curati</span> <span class='ocrx_word' id='word_1_169' title='bbox 1531 2466 1647 2520; x_wconf 89' lang='lat' dir='ltr'>causat</span> 
     </span>
     <span class='ocr_line' id='line_1_18' title="bbox 295 2575 1646 2657; baseline -0.001 -15"><span class='ocrx_word' id='word_1_170' title='bbox 295 2581 449 2642; x_wconf 90' lang='lat' dir='ltr'>timorem</span> <span class='ocrx_word' id='word_1_171' title='bbox 476 2575 683 2640; x_wconf 91' lang='lat' dir='ltr'>subditorum</span> <span class='ocrx_word' id='word_1_172' title='bbox 714 2595 816 2657; x_wconf 88' lang='lat' dir='ltr'>penes</span> <span class='ocrx_word' id='word_1_173' title='bbox 846 2587 1007 2640; x_wconf 89' lang='lat' dir='ltr'>rectorem</span> <span class='ocrx_word' id='word_1_174' title='bbox 1033 2575 1148 2655; x_wconf 89' lang='lat' dir='ltr'>suum,’</span> <span class='ocrx_word' id='word_1_175' title='bbox 1172 2599 1284 2642; x_wconf 89' lang='lat' dir='ltr'>revera</span> <span class='ocrx_word' id='word_1_176' title='bbox 1309 2578 1484 2642; x_wconf 90' lang='lat' dir='ltr'>veritatem</span> <span class='ocrx_word' id='word_1_177' title='bbox 1510 2577 1646 2654; x_wconf 87' lang='lat' dir='ltr'>dicunt;</span> 
     </span>
     <span class='ocr_line' id='line_1_19' title="bbox 295 2697 1646 2782; baseline -0.003 -19"><span class='ocrx_word' id='word_1_178' title='bbox 295 2701 374 2782; x_wconf 88' lang='lat' dir='ltr'>quia</span> <span class='ocrx_word' id='word_1_179' title='bbox 403 2720 447 2763; x_wconf 87' lang='lat' dir='ltr'>ex</span> <span class='ocrx_word' id='word_1_180' title='bbox 477 2697 535 2760; x_wconf 92' lang='lat' dir='ltr'>tali</span> <span class='ocrx_word' id='word_1_181' title='bbox 565 2697 719 2759; x_wconf 87' lang='lat' dir='ltr'>absencia</span> <span class='ocrx_word' id='word_1_182' title='bbox 749 2707 903 2759; x_wconf 90' lang='lat' dir='ltr'>causatur</span> <span class='ocrx_word' id='word_1_183' title='bbox 932 2698 1032 2760; x_wconf 91' lang='lat' dir='ltr'>timor</span> <span class='ocrx_word' id='word_1_184' title='bbox 1066 2697 1173 2761; x_wconf 92' lang='lat' dir='ltr'>malus</span> <span class='ocrx_word' id='word_1_185' title='bbox 1203 2708 1237 2763; x_wconf 88' lang='lat' dir='ltr'>et</span> <span class='ocrx_word' id='word_1_186' title='bbox 1267 2699 1411 2772; x_wconf 72' lang='lat' dir='ltr'>nocivus</span> <span class='ocrx_word' id='word_1_187' title='bbox 1443 2699 1520 2781; x_wconf 89' lang='lat' dir='ltr'>quia</span> <span class='ocrx_word' id='word_1_188' title='bbox 1550 2718 1646 2779; x_wconf 93' lang='lat' dir='ltr'>paro-</span> 
     </span>
     <span class='ocr_line' id='line_1_20' title="bbox 295 2818 1646 2902; baseline -0.003 -18"><span class='ocrx_word' id='word_1_189' title='bbox 295 2821 406 2884; x_wconf 89' lang='lat' dir='ltr'>chiani</span> <span class='ocrx_word' id='word_1_190' title='bbox 428 2829 463 2883; x_wconf 88' lang='lat' dir='ltr'>et</span> <span class='ocrx_word' id='word_1_191' title='bbox 492 2818 666 2894; x_wconf 87' lang='lat' dir='ltr'>diocesani,</span> <span class='ocrx_word' id='word_1_192' title='bbox 689 2837 755 2880; x_wconf 94' lang='lat' dir='ltr'>non</span> <span class='ocrx_word' id='word_1_193' title='bbox 786 2827 1023 2899; x_wconf 90' lang='lat' dir='ltr'>cognoscentes</span> <span class='ocrx_word' id='word_1_194' title='bbox 1048 2820 1151 2882; x_wconf 91' lang='lat' dir='ltr'>vitam</span> <span class='ocrx_word' id='word_1_195' title='bbox 1174 2828 1209 2883; x_wconf 92' lang='lat' dir='ltr'>et</span> <span class='ocrx_word' id='word_1_196' title='bbox 1238 2818 1431 2902; x_wconf 86' lang='lat' dir='ltr'>exemplum</span> <span class='ocrx_word' id='word_1_197' title='bbox 1456 2828 1491 2883; x_wconf 89' lang='lat' dir='ltr'>et</span> <span class='ocrx_word' id='word_1_198' title='bbox 1512 2838 1646 2883; x_wconf 89' lang='lat' dir='ltr'>conver·</span> 
     </span>
     <span class='ocr_line' id='line_1_21' title="bbox 295 2937 1647 3019; baseline -0.003 -15"><span class='ocrx_word' id='word_1_199' title='bbox 295 2942 462 3004; x_wconf 89' lang='lat' dir='ltr'>sacionem</span> <span class='ocrx_word' id='word_1_200' title='bbox 481 2940 530 3002; x_wconf 86' lang='lat' dir='ltr'>sui</span> <span class='ocrx_word' id='word_1_201' title='bbox 554 2939 689 3001; x_wconf 91' lang='lat' dir='ltr'>rectoris</span> <span class='ocrx_word' id='word_1_202' title='bbox 710 2958 767 3000; x_wconf 92' lang='lat' dir='ltr'>seu</span> <span class='ocrx_word' id='word_1_203' title='bbox 789 2937 942 3019; x_wconf 90' lang='lat' dir='ltr'>episcopi,</span> <span class='ocrx_word' id='word_1_204' title='bbox 963 2938 1082 3002; x_wconf 88' lang='lat' dir='ltr'>timent</span> <span class='ocrx_word' id='word_1_205' title='bbox 1101 2941 1275 3003; x_wconf 88' lang='lat' dir='ltr'>ostendere</span> <span class='ocrx_word' id='word_1_206' title='bbox 1293 2949 1418 3005; x_wconf 85' lang='lat' dir='ltr'>statum</span> <span class='ocrx_word' id='word_1_207' title='bbox 1438 2941 1556 3002; x_wconf 83' lang='lat' dir='ltr'>animae</span> <span class='ocrx_word' id='word_1_208' title='bbox 1578 2959 1647 3001; x_wconf 83' lang='lat' dir='ltr'>suae</span> 
     </span>
     <span class='ocr_line' id='line_1_22' title="bbox 295 3057 1647 3141; baseline -0.003 -17"><span class='ocrx_word' id='word_1_209' title='bbox 295 3071 409 3125; x_wconf 92' lang='lat' dir='ltr'>curato</span> <span class='ocrx_word' id='word_1_210' title='bbox 432 3081 500 3138; x_wconf 90' lang='lat' dir='ltr'>suo,</span> <span class='ocrx_word' id='word_1_211' title='bbox 521 3059 703 3122; x_wconf 86' lang='lat' dir='ltr'>nescientes</span> <span class='ocrx_word' id='word_1_212' title='bbox 726 3078 767 3120; x_wconf 92' lang='lat' dir='ltr'>an</span> <span class='ocrx_word' id='word_1_213' title='bbox 791 3057 897 3120; x_wconf 92' lang='lat' dir='ltr'>bonus</span> <span class='ocrx_word' id='word_1_214' title='bbox 920 3079 962 3121; x_wconf 94' lang='lat' dir='ltr'>an</span> <span class='ocrx_word' id='word_1_215' title='bbox 986 3059 1093 3122; x_wconf 93' lang='lat' dir='ltr'>sciens</span> <span class='ocrx_word' id='word_1_216' title='bbox 1115 3061 1157 3122; x_wconf 91' lang='lat' dir='ltr'>sit</span> <span class='ocrx_word' id='word_1_217' title='bbox 1178 3081 1221 3123; x_wconf 93' lang='lat' dir='ltr'>an</span> <span class='ocrx_word' id='word_1_218' title='bbox 1245 3080 1319 3136; x_wconf 93' lang='lat' dir='ltr'>non,</span> <span class='ocrx_word' id='word_1_219' title='bbox 1344 3061 1445 3124; x_wconf 88' lang='lat' dir='ltr'>etsie</span> <span class='ocrx_word' id='word_1_220' title='bbox 1470 3059 1547 3141; x_wconf 88' lang='lat' dir='ltr'>quia</span> <span class='ocrx_word' id='word_1_221' title='bbox 1574 3078 1647 3121; x_wconf 89' lang='lat' dir='ltr'>raro</span> 
     </span>
     <span class='ocr_line' id='line_1_23' title="bbox 294 3179 1647 3263; baseline -0.004 -18"><span class='ocrx_word' id='word_1_222' title='bbox 294 3183 385 3246; x_wconf 86' lang='lat' dir='ltr'>venit</span> <span class='ocrx_word' id='word_1_223' title='bbox 411 3179 455 3244; x_wconf 90' lang='lat' dir='ltr'>ad</span> <span class='ocrx_word' id='word_1_224' title='bbox 480 3199 625 3262; x_wconf 88' lang='lat' dir='ltr'>gregem,</span> <span class='ocrx_word' id='word_1_225' title='bbox 649 3198 715 3241; x_wconf 93' lang='lat' dir='ltr'>non</span> <span class='ocrx_word' id='word_1_226' title='bbox 739 3189 899 3242; x_wconf 90' lang='lat' dir='ltr'>noverunt</span> <span class='ocrx_word' id='word_1_227' title='bbox 926 3199 1010 3257; x_wconf 90' lang='lat' dir='ltr'>eum,</span> <span class='ocrx_word' id='word_1_228' title='bbox 1034 3200 1092 3243; x_wconf 93' lang='lat' dir='ltr'>nec</span> <span class='ocrx_word' id='word_1_229' title='bbox 1114 3201 1230 3244; x_wconf 91' lang='lat' dir='ltr'>vocem</span> <span class='ocrx_word' id='word_1_230' title='bbox 1257 3181 1327 3263; x_wconf 83' lang='lat' dir='ltr'>ejus</span> <span class='ocrx_word' id='word_1_231' title='bbox 1352 3182 1385 3244; x_wconf 90' lang='lat' dir='ltr'>in</span> <span class='ocrx_word' id='word_1_232' title='bbox 1411 3179 1553 3243; x_wconf 89' lang='lat' dir='ltr'>salutem</span> <span class='ocrx_word' id='word_1_233' title='bbox 1577 3179 1647 3242; x_wconf 91' lang='lat' dir='ltr'>ani·</span> 
     </span>
     <span class='ocr_line' id='line_1_24' title="bbox 296 3298 1648 3382; baseline -0.003 -17"><span class='ocrx_word' id='word_1_234' title='bbox 296 3322 423 3366; x_wconf 89' lang='lat' dir='ltr'>marum</span> <span class='ocrx_word' id='word_1_235' title='bbox 457 3321 590 3364; x_wconf 89' lang='lat' dir='ltr'>suarum</span> <span class='ocrx_word' id='word_1_236' title='bbox 620 3299 802 3376; x_wconf 89' lang='lat' dir='ltr'>audierunt,</span> <span class='ocrx_word' id='word_1_237' title='bbox 833 3309 866 3362; x_wconf 92' lang='lat' dir='ltr'>et</span> <span class='ocrx_word' id='word_1_238' title='bbox 895 3301 972 3364; x_wconf 92' lang='lat' dir='ltr'>ideo</span> <span class='ocrx_word' id='word_1_239' title='bbox 1002 3319 1067 3362; x_wconf 93' lang='lat' dir='ltr'>non</span> <span class='ocrx_word' id='word_1_240' title='bbox 1100 3311 1281 3382; x_wconf 91' lang='lat' dir='ltr'>sequuntur</span> <span class='ocrx_word' id='word_1_241' title='bbox 1315 3321 1390 3365; x_wconf 92' lang='lat' dir='ltr'>eum</span> <span class='ocrx_word' id='word_1_242' title='bbox 1421 3320 1481 3364; x_wconf 88' lang='lat' dir='ltr'>nec</span> <span class='ocrx_word' id='word_1_243' title='bbox 1511 3298 1648 3364; x_wconf 90' lang='lat' dir='ltr'>consilia</span> 
     </span>
     <span class='ocr_line' id='line_1_25' title="bbox 296 3420 1647 3505; baseline -0.003 -19"><span class='ocrx_word' id='word_1_244' title='bbox 296 3432 415 3505; x_wconf 90' lang='lat' dir='ltr'>petunt</span> <span class='ocrx_word' id='word_1_245' title='bbox 438 3423 481 3484; x_wconf 93' lang='lat' dir='ltr'>ab</span> <span class='ocrx_word' id='word_1_246' title='bbox 505 3442 544 3484; x_wconf 95' lang='lat' dir='ltr'>eo</span> <span class='ocrx_word' id='word_1_247' title='bbox 571 3420 613 3483; x_wconf 91' lang='lat' dir='ltr'>de</span> <span class='ocrx_word' id='word_1_248' title='bbox 636 3420 766 3483; x_wconf 86' lang='lat' dir='ltr'>actibus</span> <span class='ocrx_word' id='word_1_249' title='bbox 789 3421 931 3498; x_wconf 84' lang='lat' dir='ltr'>animae3</span> <span class='ocrx_word' id='word_1_250' title='bbox 959 3421 1037 3502; x_wconf 89' lang='lat' dir='ltr'>quia</span> <span class='ocrx_word' id='word_1_251' title='bbox 1060 3421 1153 3503; x_wconf 91' lang='lat' dir='ltr'>quasi</span> <span class='ocrx_word' id='word_1_252' title='bbox 1177 3431 1354 3486; x_wconf 85' lang='lat' dir='ltr'>extraneus</span> <span class='ocrx_word' id='word_1_253' title='bbox 1377 3422 1452 3485; x_wconf 91' lang='lat' dir='ltr'>ideo</span> <span class='ocrx_word' id='word_1_254' title='bbox 1472 3440 1532 3484; x_wconf 92' lang='lat' dir='ltr'>nec</span> <span class='ocrx_word' id='word_1_255' title='bbox 1559 3430 1647 3483; x_wconf 91' lang='lat' dir='ltr'>recte</span> 
     </span>
     <span class='ocr_line' id='line_1_26' title="bbox 296 3540 1646 3626; baseline -0.004 -18"><span class='ocrx_word' id='word_1_256' title='bbox 296 3544 511 3626; x_wconf 90' lang='lat' dir='ltr'>cognoscitur,</span> <span class='ocrx_word' id='word_1_257' title='bbox 532 3550 566 3603; x_wconf 90' lang='lat' dir='ltr'>et</span> <span class='ocrx_word' id='word_1_258' title='bbox 589 3541 664 3604; x_wconf 89' lang='lat' dir='ltr'>ideo</span> <span class='ocrx_word' id='word_1_259' title='bbox 688 3549 775 3604; x_wconf 88' lang='lat' dir='ltr'>recte</span> <span class='ocrx_word' id='word_1_260' title='bbox 798 3561 864 3603; x_wconf 94' lang='lat' dir='ltr'>non</span> <span class='ocrx_word' id='word_1_261' title='bbox 887 3540 1042 3624; x_wconf 87' lang='lat' dir='ltr'>diligitur.</span> <span class='ocrx_word' id='word_1_262' title='bbox 1088 3542 1119 3606; x_wconf 94' lang='lat' dir='ltr'>O</span> <span class='ocrx_word' id='word_1_263' title='bbox 1137 3542 1281 3606; x_wconf 90' lang='lat' dir='ltr'>Domine</span> <span class='ocrx_word' id='word_1_264' title='bbox 1301 3542 1412 3606; x_wconf 93' lang='lat' dir='ltr'>Deus!</span> <span class='ocrx_word' id='word_1_265' title='bbox 1436 3543 1480 3605; x_wconf 92' lang='lat' dir='ltr'>da</span> <span class='ocrx_word' id='word_1_266' title='bbox 1502 3552 1540 3605; x_wconf 91' lang='lat' dir='ltr'>ut</span> <span class='ocrx_word' id='word_1_267' title='bbox 1562 3540 1646 3622; x_wconf 71' lang='lat' dir='ltr'>prae·</span> 
     </span>
     <span class='ocr_line' id='line_1_27' title="bbox 293 3661 1646 3745; baseline -0.004 -17"><span class='ocrx_word' id='word_1_268' title='bbox 293 3665 441 3728; x_wconf 90' lang='lat' dir='ltr'>sidentes</span> <span class='ocrx_word' id='word_1_269' title='bbox 468 3662 615 3727; x_wconf 84' lang='lat' dir='ltr'>ecclesiae</span> <span class='ocrx_word' id='word_1_270' title='bbox 644 3662 856 3736; x_wconf 89' lang='lat' dir='ltr'>descendant,</span> <span class='ocrx_word' id='word_1_271' title='bbox 879 3661 1048 3726; x_wconf 90' lang='lat' dir='ltr'>humiliter</span> <span class='ocrx_word' id='word_1_272' title='bbox 1073 3674 1107 3727; x_wconf 89' lang='lat' dir='ltr'>et</span> <span class='ocrx_word' id='word_1_273' title='bbox 1134 3683 1210 3726; x_wconf 92' lang='lat' dir='ltr'>cum</span> <span class='ocrx_word' id='word_1_274' title='bbox 1240 3663 1468 3745; x_wconf 90' lang='lat' dir='ltr'>compassione</span> <span class='ocrx_word' id='word_1_275' title='bbox 1499 3663 1646 3738; x_wconf 87' lang='lat' dir='ltr'>miseriae,</span> 
     </span>
     <span class='ocr_line' id='line_1_28' title="bbox 294 3781 1649 3865; baseline -0.004 -16"><span class='ocrx_word' id='word_1_276' title='bbox 294 3807 317 3849; x_wconf 91' lang='lat' dir='ltr'>a</span> <span class='ocrx_word' id='word_1_277' title='bbox 342 3794 432 3848; x_wconf 89' lang='lat' dir='ltr'>statu</span> <span class='ocrx_word' id='word_1_278' title='bbox 459 3784 569 3846; x_wconf 87' lang='lat' dir='ltr'>nimiae</span> <span class='ocrx_word' id='word_1_279' title='bbox 593 3782 807 3847; x_wconf 85' lang='lat' dir='ltr'>exaltacionis</span> <span class='ocrx_word' id='word_1_280' title='bbox 834 3792 867 3846; x_wconf 92' lang='lat' dir='ltr'>et</span> <span class='ocrx_word' id='word_1_281' title='bbox 894 3782 1035 3859; x_wconf 91' lang='lat' dir='ltr'>honoris,</span> <span class='ocrx_word' id='word_1_282' title='bbox 1057 3783 1101 3846; x_wconf 90' lang='lat' dir='ltr'>ad</span> <span class='ocrx_word' id='word_1_283' title='bbox 1124 3782 1327 3865; x_wconf 90' lang='lat' dir='ltr'>loquendum</span> <span class='ocrx_word' id='word_1_284' title='bbox 1352 3794 1385 3846; x_wconf 92' lang='lat' dir='ltr'>et</span> <span class='ocrx_word' id='word_1_285' title='bbox 1410 3784 1453 3846; x_wconf 88' lang='lat' dir='ltr'>ad</span> <span class='ocrx_word' id='word_1_286' title='bbox 1480 3781 1649 3846; x_wconf 91' lang='lat' dir='ltr'>humiliter</span> 
     </span>
     <span class='ocr_line' id='line_1_29' title="bbox 293 3902 1648 3988; baseline -0.002 -19"><span class='ocrx_word' id='word_1_287' title='bbox 293 3905 535 3970; x_wconf 88' lang='lat' dir='ltr'>attendendum</span> <span class='ocrx_word' id='word_1_288' title='bbox 559 3904 664 3988; x_wconf 84' lang='lat' dir='ltr'>causis</span> <span class='ocrx_word' id='word_1_289' title='bbox 690 3902 907 3980; x_wconf 90' lang='lat' dir='ltr'>subditorum,</span> <span class='ocrx_word' id='word_1_290' title='bbox 929 3903 986 3985; x_wconf 93' lang='lat' dir='ltr'>qui</span> <span class='ocrx_word' id='word_1_291' title='bbox 1008 3904 1076 3985; x_wconf 91' lang='lat' dir='ltr'>jam</span> <span class='ocrx_word' id='word_1_292' title='bbox 1102 3924 1168 3967; x_wconf 93' lang='lat' dir='ltr'>non</span> <span class='ocrx_word' id='word_1_293' title='bbox 1192 3904 1316 3968; x_wconf 90' lang='lat' dir='ltr'>audent</span> <span class='ocrx_word' id='word_1_294' title='bbox 1339 3904 1494 3969; x_wconf 92' lang='lat' dir='ltr'>accedere</span> <span class='ocrx_word' id='word_1_295' title='bbox 1519 3923 1586 3978; x_wconf 92' lang='lat' dir='ltr'>nec,</span> <span class='ocrx_word' id='word_1_296' title='bbox 1611 3912 1648 3966; x_wconf 90' lang='lat' dir='ltr'>ut</span> 
     </span>
     <span class='ocr_line' id='line_1_30' title="bbox 294 4023 1647 4110; baseline -0.003 -20"><span class='ocrx_word' id='word_1_297' title='bbox 294 4035 436 4110; x_wconf 88' lang='lat' dir='ltr'>oportet,</span> <span class='ocrx_word' id='word_1_298' title='bbox 460 4024 661 4107; x_wconf 85' lang='lat' dir='ltr'>indigencias</span> <span class='ocrx_word' id='word_1_299' title='bbox 683 4024 803 4086; x_wconf 84' lang='lat' dir='ltr'>animae</span> <span class='ocrx_word' id='word_1_300' title='bbox 827 4032 859 4086; x_wconf 92' lang='lat' dir='ltr'>et</span> <span class='ocrx_word' id='word_1_301' title='bbox 883 4025 1026 4106; x_wconf 89' lang='lat' dir='ltr'>corporis</span> <span class='ocrx_word' id='word_1_302' title='bbox 1050 4026 1135 4106; x_wconf 92' lang='lat' dir='ltr'>patri</span> <span class='ocrx_word' id='word_1_303' title='bbox 1162 4046 1222 4088; x_wconf 92' lang='lat' dir='ltr'>suo</span> <span class='ocrx_word' id='word_1_304' title='bbox 1252 4024 1413 4107; x_wconf 90' lang='lat' dir='ltr'>spirituali</span> <span class='ocrx_word' id='word_1_305' title='bbox 1439 4023 1647 4098; x_wconf 91' lang='lat' dir='ltr'>annunciare,</span> 
     </span>
     <span class='ocr_line' id='line_1_31' title="bbox 295 4143 1649 4228; baseline -0.001 -19"><span class='ocrx_word' id='word_1_306' title='bbox 295 4147 374 4228; x_wconf 88' lang='lat' dir='ltr'>quia</span> <span class='ocrx_word' id='word_1_307' title='bbox 398 4146 541 4228; x_wconf 87' lang='lat' dir='ltr'>elongati</span> <span class='ocrx_word' id='word_1_308' title='bbox 569 4155 646 4209; x_wconf 88' lang='lat' dir='ltr'>sunt</span> <span class='ocrx_word' id='word_1_309' title='bbox 669 4144 887 4226; x_wconf 68' lang='lat' dir='ltr'>praesidentes</span> <span class='ocrx_word' id='word_1_310' title='bbox 911 4152 945 4207; x_wconf 93' lang='lat' dir='ltr'>et</span> <span class='ocrx_word' id='word_1_311' title='bbox 969 4143 1096 4223; x_wconf 88' lang='lat' dir='ltr'>elevati,</span> <span class='ocrx_word' id='word_1_312' title='bbox 1121 4154 1158 4210; x_wconf 93' lang='lat' dir='ltr'>ut</span> <span class='ocrx_word' id='word_1_313' title='bbox 1183 4165 1248 4208; x_wconf 94' lang='lat' dir='ltr'>non</span> <span class='ocrx_word' id='word_1_314' title='bbox 1275 4145 1400 4208; x_wconf 87' lang='lat' dir='ltr'>audent</span> <span class='ocrx_word' id='word_1_315' title='bbox 1425 4165 1485 4209; x_wconf 86' lang='lat' dir='ltr'>nec</span> <span class='ocrx_word' id='word_1_316' title='bbox 1509 4151 1649 4226; x_wconf 88' lang='lat' dir='ltr'>possunt</span> 
     </span>
    </p>
   </div>
   <div class='ocr_carea' id='block_1_5' title="bbox 295 4263 1648 4430">
    <p class='ocr_par' dir='ltr' id='par_1_5' title="bbox 295 4263 1648 4430">
     <span class='ocr_line' id='line_1_32' title="bbox 295 4263 1648 4347; baseline -0.003 -17"><span class='ocrx_word' id='word_1_317' title='bbox 295 4266 411 4332; x_wconf 91' lang='lat' dir='ltr'>debito</span> <span class='ocrx_word' id='word_1_318' title='bbox 441 4266 607 4343; x_wconf 89' lang='lat' dir='ltr'>accedere,</span> <span class='ocrx_word' id='word_1_319' title='bbox 630 4284 690 4328; x_wconf 88' lang='lat' dir='ltr'>nec</span> <span class='ocrx_word' id='word_1_320' title='bbox 720 4265 918 4328; x_wconf 88' lang='lat' dir='ltr'>sufficienter</span> <span class='ocrx_word' id='word_1_321' title='bbox 944 4265 1174 4330; x_wconf 90' lang='lat' dir='ltr'>necessitatem</span> <span class='ocrx_word' id='word_1_322' title='bbox 1204 4285 1298 4328; x_wconf 91' lang='lat' dir='ltr'>suam</span> <span class='ocrx_word' id='word_1_323' title='bbox 1321 4264 1509 4347; x_wconf 89' lang='lat' dir='ltr'>explanare.</span> <span class='ocrx_word' id='word_1_324' title='bbox 1563 4263 1648 4328; x_wconf 89' lang='lat' dir='ltr'>‘Vae</span> 
     </span>
     <span class='ocr_line' id='line_1_33' title="bbox 959 4381 985 4430; baseline 0 0"><span class='ocrx_word' id='word_1_325' title='bbox 959 4381 985 4430; x_wconf 86' lang='lat' dir='ltr'>K</span> 
     </span>
    </p>
   </div>
   <div class='ocr_carea' id='block_1_6' title="bbox 0 0 1916 4904">
    <p class='ocr_par' dir='ltr' id='par_1_6' title="bbox 0 0 1916 4904">
     <span class='ocr_line' id='line_1_34' title="bbox 0 0 1916 4904; baseline 0 0"><span class='ocrx_word' id='word_1_326' title='bbox 0 0 1916 4904; x_wconf 95' lang='lat' dir='ltr'> </span> 
     </span>
    </p>
   </div>
  </div>
 </body>
</html>
