3818 4904
636 455 736 510 LOCI
760 455 790 507 E
818 456 942 511 LIBRO
977 457 1235 513 VERITATUM.
1550 466 1608 533 171

264 671 389 736 senciat
413 678 447 735 et
472 671 595 753 scripto
618 689 678 732 suo
704 672 864 736 concedat
891 671 992 736 talem
1016 672 1184 737 hominem
1211 672 1378 756 provisum
1404 693 1463 756 per
1487 694 1610 756 papam

263 793 483 875 provisionem
503 811 600 874 papae
620 790 776 874 accipere,
793 799 826 854 et
847 790 937 855 illam
954 793 1086 875 exequi.
1120 792 1232 857 Aliter
1249 792 1397 875 provisus
1415 814 1474 876 per
1488 814 1611 876 papam

263 915 296 977 in
324 915 550 997 episcopatum
576 911 628 976 vel
653 912 686 974 in
709 913 907 977 decanatum
933 913 1076 996 aliquem
1100 914 1133 977 in
1156 935 1257 998 regno
1283 915 1416 979 incurrit
1438 915 1471 977 in
1494 934 1611 996 poenas

263 1035 378 1098 statuti
405 1032 539 1117 Angliae
566 1033 645 1097 editi
669 1042 785 1098 contra
814 1035 1033 1118 provisionem
1056 1057 1153 1119 papae
1176 1036 1330 1114 Romani,
1353 1045 1387 1100 et
1409 1036 1436 1099 si
1463 1037 1611 1118 provisus

262 1177 322 1239 per
353 1177 475 1239 papam
508 1155 629 1219 habeat
652 1176 848 1220 consensum
876 1156 976 1240 regni,
1007 1167 1041 1222 et
1071 1159 1156 1240 regis
1186 1156 1356 1221 licenciam
1386 1156 1551 1240 scriptam,
1578 1165 1611 1221 et

261 1277 448 1361 sigillatam,
475 1279 518 1341 ad
542 1278 784 1359 acceptandum
811 1288 845 1342 et
872 1280 914 1343 ad
941 1279 1169 1362 accipiendum
1199 1279 1419 1361 provisionem
1447 1288 1481 1343 et
1510 1277 1611 1342 colla-

261 1399 389 1464 cionem
414 1419 511 1481 papae
536 1398 679 1461 Romani
703 1398 840 1480 alicujus
868 1400 1078 1483 episcopatus
1103 1401 1156 1464 vel
1179 1400 1350 1483 dignitatis
1375 1398 1428 1464 vel
1458 1398 1610 1464 beneficii

262 1519 482 1593 ecclesiastici,
513 1529 592 1583 tunc
622 1520 667 1582 sic
697 1520 846 1601 provisus
875 1540 935 1601 per
963 1540 1086 1603 papam
1119 1541 1186 1584 non
1217 1521 1351 1585 incurrit
1380 1521 1414 1583 in
1446 1529 1609 1584 statutum

260 1640 477 1724 provisionis3
510 1649 544 1703 et
570 1649 650 1703 nota
673 1640 773 1721 quod,
801 1640 1008 1723 intempore
1033 1660 1130 1724 papae
1156 1640 1317 1722 Johannis
1341 1637 1401 1715 22¹,
1428 1660 1516 1722 papa
1542 1660 1609 1702 non

261 1762 412 1843 providet
437 1779 497 1823 nec
527 1759 653 1823 confert
680 1759 907 1842 episcopatum
938 1760 1033 1824 alicui
1060 1760 1094 1822 in
1119 1759 1254 1843 Anglia,
1284 1761 1345 1823 nisi
1376 1759 1431 1823 ille
1460 1759 1609 1842 provisus

260 1880 368 1945 solvat
393 1892 457 1960 500
481 1880 533 1943 vel
559 1879 648 1942 mille
672 1900 798 1943 marcas
824 1900 920 1962 papae
951 1889 985 1944 et
1011 1881 1109 1945 curiae
1134 1881 1307 1955 Romanae,
1332 1888 1366 1943 et
1392 1881 1540 1963 pecuniae
1562 1880 1608 1943 sic

259 2003 380 2066 Romae
405 2000 522 2065 solutae
548 2010 727 2083 antequam
753 2001 871 2084 aliquis
897 2001 941 2064 sit
962 2001 1132 2066 ordinatus
1155 2002 1188 2064 in
1214 2001 1404 2084 episcopum
1427 2002 1461 2064 in
1483 1999 1609 2083 Anglia

257 2131 418 2187 vocantur
445 2122 563 2185 Romae
589 2132 722 2200 annata,
747 2143 830 2204 quas
859 2122 1014 2206 pecunias
1044 2142 1104 2185 nos
1133 2121 1269 2205 Anglici
1298 2141 1454 2185 vocamus
1483 2120 1609 2203 primos

257 2243 391 2308 fructus.
436 2243 581 2306 Domine
608 2243 709 2318 Deus,
734 2243 859 2325 respice
888 2244 931 2307 de
960 2242 1045 2307 coelo
1075 2252 1110 2306 et
1138 2241 1215 2306 vide
1245 2250 1279 2305 et
1308 2241 1407 2305 visita
1436 2241 1607 2305 ecclesiam

257 2365 361 2428 vineae
392 2374 468 2442 tuae,
497 2364 553 2446 qui
583 2362 757 2447 singularis
783 2363 870 2427 ierus
896 2363 1086 2446 cupiditatis
1116 2371 1150 2426 et
1179 2361 1328 2426 avariciae
1359 2362 1517 2444 depastus
1547 2368 1606 2437 est,

260 2485 281 2548 i.
293 2505 322 2549 e.
344 2485 495 2562 vastavit,
518 2491 611 2548 eaml

343 2605 472 2684 Romae,
499 2606 532 2667 in
557 2613 707 2688 tempore
737 2603 878 2687 Eugenii
908 2623 1004 2686 papae
1031 2604 1146 2685 quarti,
1171 2601 1364 2686 praedicavit
1390 2609 1513 2665 sanctae
1536 2620 1605 2664 me·

256 2727 369 2789 moriae
393 2726 590 2807 praedicator
615 2725 714 2789 frater
736 2724 885 2789 Thomas
907 2725 950 2789 de
974 2722 1085 2800 Calva‚
1099 2723 1199 2807 juxta
1221 2722 1408 2806 Neapolim,
1425 2721 1607 2787 Carmelita

255 2846 357 2911 frater
382 2848 414 2910 in
440 2845 592 2929 Neapoli,
617 2853 651 2909 et
678 2845 797 2909 Romae
823 2845 1015 2928 praedicavit
1041 2856 1156 2911 contra
1181 2846 1304 2910 abusus
1328 2844 1426 2909 curiae
1451 2863 1548 2926 papae
1572 2851 1607 2906 et

254 2967 480 3042 cardinalium,
511 2975 546 3030 et
583 2976 698 3031 contra
735 2966 933 3049 Symoniam
971 2987 1093 3042 eorum,
1125 2975 1159 3030 et
1198 2967 1366 3050 quomodo
1405 2965 1606 3048 poenitentes

255 3089 374 3153 Romae
398 3096 432 3152 et
453 3087 571 3152 flentes
592 3108 653 3170 pro
674 3086 742 3151 suis
764 3087 907 3169 peccatis
930 3107 995 3152 non
1017 3087 1233 3152 absolvuntur
1255 3087 1308 3165 ibi,
1323 3086 1385 3150 nisi
1407 3085 1538 3149 solvant
1560 3084 1605 3147 ibi

253 3211 419 3293 pecunias,
444 3218 478 3273 et
508 3209 678 3291 quomodo
704 3216 878 3291 argentum
905 3217 940 3272 et
964 3228 1080 3271 aurum
1103 3206 1249 3271 clamant
1271 3207 1399 3284 Romae,
1422 3204 1524 3270 ‘Sine
1549 3225 1604 3268 me

253 3329 352 3394 nichil
376 3330 515 3412 potestis
538 3325 679 3393 sacerel’
710 3338 744 3393 et
769 3330 837 3393 duo
861 3328 1044 3393 cardinales
1066 3328 1194 3403 Romae,
1219 3327 1291 3392 haec
1321 3326 1502 3403 audientes,
1528 3325 1604 3389 dix-

252 3459 348 3514 emnt
373 3471 448 3514 eum
472 3449 664 3513 haereticum
691 3471 771 3529 esse,
794 3471 834 3514 eo
860 3449 949 3533 quod
973 3449 1045 3514 haec
1066 3469 1145 3513 vera
1170 3448 1362 3532 praedicavit
1383 3457 1498 3512 contra
1520 3444 1604 3509 vicia

251 3573 349 3638 curiae
373 3571 467 3650 illius,
490 3582 525 3636 et
546 3573 694 3637 iecerunt
717 3593 791 3636 eum
815 3572 963 3637 comburi
986 3573 1018 3635 in
1040 3571 1172 3649 cineres,
1195 3580 1230 3635 et
1251 3570 1375 3634 cineres
1397 3566 1467 3650 ejus
1488 3566 1603 3631 statim

250 3694 376 3759 faciunt
398 3694 564 3769 miracula,
581 3703 616 3758 et
638 3695 869 3759 custodiuntur
890 3694 924 3757 in
944 3693 1017 3758 Ara
1039 3692 1147 3772 Coeli;
1178 3703 1213 3758 et
1234 3691 1384 3775 praedicti
1407 3691 1474 3754 duo
1498 3687 1603 3753 cardi·

251 3815 342 3879 nales
367 3815 454 3879 mala
481 3825 595 3893 morte,
622 3825 659 3880 ut
685 3818 847 3899 apparuit,
872 3817 992 3880 eodem
1021 3836 1118 3892 anno,
1143 3836 1211 3898 quo
1238 3813 1293 3878 ille
1315 3812 1506 3878 combustus
1531 3810 1602 3888 suit,

249 3937 424 4016 obierunt3
455 3957 595 4019 quorum
622 3958 716 4016 unus,
738 3937 907 4018 Johannes
937 3937 1120 4012 cardinalis,
1145 3935 1232 4000 tituli
1263 3934 1377 4000 Sancti
1403 3931 1537 3996 Martini
1567 3930 1601 3993 in

250 4056 433 4134 Montibus,
458 4058 576 4121 eodem
599 4078 687 4122 anno
713 4058 865 4122 inventus
894 4067 946 4122 est
976 4058 1010 4121 in
1039 4079 1100 4122 suo
1130 4058 1217 4121 lecto
1248 4055 1358 4119 subito
1386 4061 1541 4131 mortuus,
1567 4060 1602 4115 et

248 4177 343 4253 alter,
370 4176 543 4241 cardinalis
566 4176 752 4262 Gregorius,
778 4178 866 4244 tituli
890 4178 1005 4244 Sancti
1037 4178 1181 4258 Eusebii,
1212 4177 1327 4240 incidit
1357 4175 1390 4238 in
1416 4172 1601 4238 amenciam

250 4308 284 4362 et
306 4299 457 4363 currebat
478 4300 615 4363 demens
638 4301 671 4362 in
693 4301 754 4365 viis
777 4302 906 4378 Romae,
927 4310 961 4365 et
982 4299 1181 4366 ostendebat
1203 4316 1303 4363 anum
1326 4315 1421 4360 suum
1440 4302 1475 4359 et
1495 4292 1601 4358 virilia

901 4419 920 4467 z
936 4422 954 4467 2
