3818 4904
286 410 352 472 204
664 400 764 458 Locr
787 399 817 455 a·
845 400 970 456 erano
1005 398 1265 456 ranrrsrrurr.

288 627 405 682 contra
434 617 651 681 Edmundum
684 616 878 699 praedictum
909 627 988 681 ωηο
1023 617 1057 679 ἱη
1087 615 1221 680 civitate
1252 615 1366 680 Sancti
1396 613 1520 679 Albani
1554 613 1643 678 exis·

289 747 426 817 tentem,
441 738 557 802 volens
575 738 689 821 pocius
711 735 803 800 illum
826 738 945 802 ducem
968 737 1040 820 capi
1064 757 1165 820 quam
1188 738 1332 818 seipsum
1356 737 1475 801 ducem
1491 736 1641 800 Eborum

288 868 323 922 et
349 879 426 922 suos
452 879 512 942 per
541 859 650 941 ipsum
680 859 799 923 ducem
830 857 1042 922 Somersetiae
1072 859 1145 939 capi
1177 867 1210 921 et
1241 857 1369 936 occidi;
1402 868 1436 922 et
1467 877 1565 921 nemo
1594 856 1640 919 ibi

287 978 449 1060 spoliatus
478 978 539 1044 fuit
568 979 664 1043 bonis
693 979 761 1042 suis
791 1000 850 1061 per
878 999 1074 1043 consensum
1108 978 1210 1060 ipsius
1240 978 1342 1054 ducis,
1372 979 1431 1042 sed
1466 980 1537 1042 sine
1570 976 1641 1059 ejus

288 1118 460 1170 consensu,
483 1108 519 1162 ut
541 1099 651 1163 audivi
675 1120 719 1163 ex
738 1099 847 1181 dignis
868 1099 1037 1181 personis:
1062 1108 1096 1162 et
1121 1099 1183 1163 iste
1203 1099 1275 1161 dux
1296 1098 1448 1178 Eboraci,
1470 1098 1642 1174 Ricardus,

289 1238 350 1300 per
374 1218 629 1301 parliamentum
657 1218 849 1298 Londoniis,
873 1218 998 1298 habuit,
1020 1238 1095 1282 cum
1121 1217 1367 1282 adhaerentibus
1396 1219 1463 1282 suis
1493 1219 1527 1281 in
1552 1217 1642 1283 bello

288 1339 379 1420 apud
403 1337 566 1403 Sanctum
589 1338 771 1416 Albanum,
793 1340 975 1421 perdonam
998 1361 1056 1402 seu
1081 1339 1324 1421 indulgenciam
1349 1339 1392 1402 de
1419 1340 1573 1403 omnibus
1595 1339 1641 1403 ibi

286 1459 323 1522 in
349 1458 438 1523 bello
463 1460 567 1538 sactis,
594 1471 627 1524 et
652 1460 679 1523 si
704 1481 778 1543 quae
805 1462 850 1524 ibi
875 1460 1006 1524 luerunt
1031 1459 1119 1524 facta
1148 1480 1209 1542 pro
1234 1459 1356 1541 quibus
1380 1460 1500 1543 aliquis
1524 1461 1558 1523 in
1584 1460 1641 1523 illo

288 1578 378 1643 bello
399 1589 479 1644 tunc
502 1581 650 1645 existens
677 1581 781 1645 voluit
804 1591 920 1663 postea
943 1582 976 1644 in
995 1581 1068 1663 jure
1090 1579 1249 1663 placitare
1266 1580 1318 1644 vel
1341 1581 1509 1663 querelam
1534 1581 1642 1646 lacere

286 1709 403 1765 contra
432 1702 540 1784 ipsum
570 1702 697 1778 ducem,
721 1702 773 1765 vel
797 1712 913 1766 contra
941 1701 1087 1784 aliquem
1113 1699 1215 1764 alium
1241 1720 1354 1764 secum
1379 1701 1581 1766 existentem
1608 1704 1640 1765 in

287 1820 376 1885 bello
406 1820 465 1886 illo
494 1822 584 1903 apud
616 1821 777 1886 Sanctum
808 1821 988 1900 Albanum,
1018 1831 1052 1885 et
1089 1821 1162 1904 ipso
1198 1821 1283 1884 duce
1313 1820 1457 1886 Eboraci
1490 1822 1641 1888 instituto

287 1952 473 2024 protectore
500 1944 592 2025 regni
618 1943 753 2026 Angliae
780 1965 839 2026 per
864 1942 1118 2026 parliamentum
1146 1941 1329 2006 Londoniis
1355 1964 1416 2025 pro
1442 1945 1537 2008 annis
1563 1953 1641 2009 tunc

287 2064 414 2143 suturis,
444 2065 558 2148 regina
588 2063 731 2145 Angliae,
763 2063 960 2146 Margareta‚
990 2082 1065 2126 cum
1102 2083 1169 2144 qua
1206 2063 1287 2127 nihil
1323 2064 1486 2129 bonorum
1517 2065 1641 2150 Anglia

288 2189 419 2269 recepit,
441 2187 499 2251 sed
523 2186 746 2269 perdicionem
773 2182 1009 2247 Cenomanniae
1033 2194 1067 2248 et
1087 2183 1305 2266 Andagaviae,
1331 2208 1415 2269 quas
1441 2197 1545 2252 terras
1571 2209 1641 2252 ma·

287 2309 369 2373 ritus
391 2329 478 2385 suus,
495 2307 660 2370 Henricus
676 2304 810 2382 Sextus,
828 2304 921 2368 dedit
944 2305 977 2366 in
997 2315 1202 2388 perpetuum,
1218 2308 1280 2370 sub
1301 2328 1361 2371 suo
1381 2307 1490 2391 sigillo
1511 2330 1641 2394 magno,

287 2429 374 2511 patri
400 2429 530 2512 reginae,
553 2427 715 2490 laboravit
744 2426 791 2489 sic
817 2445 934 2508 perse
961 2436 996 2489 et
1022 2446 1081 2509 per
1102 2435 1240 2491 caeteros
1270 2428 1431 2508 dominos,
1458 2431 1515 2512 qui
1545 2441 1641 2513 puta·

286 2550 408 2615 bantur
431 2548 509 2614 mali
533 2548 658 2612 domini
682 2548 716 2610 in
732 2567 843 2628 regn0,
858 2546 948 2628 quod
967 2545 1022 2610 ille
1042 2548 1114 2610 dux
1139 2548 1264 2612 dimisit
1284 2552 1518 2614 auctoritatem
1537 2572 1640 2625 suam,

287 2691 388 2753 quam
418 2671 673 2752 parliamentum
704 2677 813 2733 totum
836 2668 1021 2732 Londoniis
1051 2669 1160 2732 eidem
1187 2669 1262 2734 duci
1293 2683 1499 2736 concesserat
1528 2675 1640 2756 prius;

286 2801 321 2855 et
339 2802 418 2856 tunc
439 2791 495 2855 illa
517 2791 629 2874 regina
649 2791 752 2854 traxit
772 2789 816 2852 ad
837 2789 947 2853 locum
964 2790 1143 2853 mansionis
1163 2811 1241 2868 suae,
1257 2791 1290 2852 in
1311 2794 1470 2858 comitatu
1488 2793 1640 2879 Chestyr,

287 2922 357 2976 tam
377 2932 489 2994 regem
513 2912 696 2975 Henricum
718 2910 860 2975 Sextum
885 2929 985 2993 quam
1010 2910 1192 2991 principem
1215 2911 1356 2974 duorum
1382 2915 1435 2977 vel
1460 2918 1560 2981 trium
1582 2939 1641 2982 an·

287 3054 414 3112 norum,
444 3043 479 3097 et
516 3043 595 3097 tunc
632 3034 704 3116 ipsa
734 3035 780 3096 sic
811 3033 969 3115 regnavit,
995 3051 1084 3094 anno
1116 3031 1175 3094 Xti
1216 3033 1305 3111 1456,
1337 3037 1426 3117 quod
1458 3041 1641 3104 secundum

285 3153 491 3219 voluntatem
515 3154 616 3238 ipsius
646 3155 769 3236 reginae
799 3153 893 3236 quasi
922 3161 996 3216 tota
1025 3153 1163 3235 negocia
1193 3155 1284 3236 regni
1313 3155 1402 3221 lacta
1423 3158 1556 3224 fuerunt
1582 3182 1642 3245 per

286 3275 336 3339 sas
358 3274 412 3340 vel
442 3293 501 3355 per
528 3274 664 3358 nephas,
694 3285 729 3338 ut
756 3275 929 3337 dicebatur
955 3294 975 3336 a
999 3273 1146 3337 diversis.
1193 3273 1310 3356 Qualis
1336 3277 1410 3341 finis
1436 3280 1499 3344 erit
1521 3280 1640 3347 horum

286 3395 380 3460 Deus
405 3399 476 3474 scit,
501 3397 557 3479 qui
584 3396 697 3459 omnia
721 3396 835 3459 novit:
859 3393 954 3457 ‘Fiat
980 3394 1135 3458 voluntas
1158 3394 1232 3474 Dei,
1254 3396 1340 3461 sicut
1363 3397 1396 3461 in
1418 3399 1513 3480 coelo,
1535 3404 1640 3468 eciam

286 3516 321 3580 in
343 3526 431 3582 terra
452 3515 532 3581 fiat!

372 3638 531 3722 Regnum
555 3636 691 3720 Angliae
720 3634 991 3713 Cenomanniam
1018 3636 1037 3697 i.
1055 3657 1085 3699 e.
1111 3635 1247 3701 Malkus
1271 3636 1408 3727 (supra),
1435 3651 1469 3706 et
1495 3643 1642 3725 perdidit

285 3755 530 3842 Andegaviam,
552 3759 572 3824 i.
582 3780 611 3822 e.
631 3757 786 3839 Awnioy,
809 3757 842 3819 in
867 3766 1017 3839 tempore
1043 3756 1177 3823 Henrici
1205 3758 1312 3839 Sexti,
1333 3763 1419 3845 regis
1440 3761 1584 3847 Angliae,
1606 3775 1641 3831 et

284 3880 332 3942 sic
362 3888 602 3963 consequenter
631 3879 776 3962 perdidit
807 3877 1048 3942 Normanniam
1082 3890 1115 3944 et
1149 3880 1321 3955 Franciam
1353 3892 1387 3946 et
1416 3884 1640 3965 Vasconiam;

286 4005 321 4061 et
342 4015 443 4063 causa
466 3996 663 4080 perdicionis
691 3994 936 4073 Cenomanniae,
964 3997 982 4058 i.
996 4019 1025 4060 e.
1046 3995 1199 4081 Awnioy,
1224 3997 1297 4062 haec
1321 4000 1391 4076 suit,
1416 4001 1496 4083 quia
1513 4001 1641 4067 Willel·

285 4135 359 4179 mus
382 4117 472 4197 Pule,
495 4139 606 4183 comes
630 4116 800 4200 quondam
826 4115 1065 4194 Sowthlolkiae,
1087 4128 1121 4182 et
1144 4119 1314 4183 ordinatus
1337 4121 1409 4184 dux
1432 4131 1467 4186 et
1493 4120 1640 4186 marchio

286 4235 519 4320 Sowthlolciae,
548 4241 682 4305 nomine
711 4239 936 4322 procuratorio
967 4238 1116 4322 ejusdem
1147 4240 1231 4324 regis
1257 4241 1402 4325 Angliae,
1425 4243 1640 4328 desponsavit
