<?xml version="1.0" encoding="UTF-8"?>
<!DOCTYPE html PUBLIC "-//W3C//DTD XHTML 1.0 Transitional//EN"
    "http://www.w3.org/TR/xhtml1/DTD/xhtml1-transitional.dtd">
<html xmlns="http://www.w3.org/1999/xhtml" xml:lang="en" lang="en">
 <head>
  <title>
</title>
<meta http-equiv="Content-Type" content="text/html;charset=utf-8" />
  <meta name='ocr-system' content='tesseract 3.04.00' />
  <meta name='ocr-capabilities' content='ocr_page ocr_carea ocr_par ocr_line ocrx_word'/>
</head>
<body>
  <div class='ocr_page' id='page_1' title='image "./locielibroverit00gascgoog/locielibroverit00gascgoog_0279.png"; bbox 0 0 3818 4904; ppageno 0'>
   <div class='ocr_carea' id='block_1_1' title="bbox 304 393 1281 471">
    <p class='ocr_par' dir='ltr' id='par_1_1' title="bbox 304 393 1281 471">
     <span class='ocr_line' id='line_1_1' title="bbox 304 393 1281 471; baseline 0.003 -18"><span class='ocrx_word' id='word_1_1' title='bbox 304 393 363 471; x_wconf 84' lang='lat'>178</span> <span class='ocrx_word' id='word_1_2' title='bbox 677 401 777 456; x_wconf 81' lang='lat' dir='ltr'>Locl</span> <span class='ocrx_word' id='word_1_3' title='bbox 804 402 833 455; x_wconf 79' lang='lat' dir='ltr'><em>L</em></span> <span class='ocrx_word' id='word_1_4' title='bbox 862 401 986 454; x_wconf 79' lang='lat' dir='ltr'>Lllllr&#39;t)</span> <span class='ocrx_word' id='word_1_5' title='bbox 1022 401 1281 456; x_wconf 73' lang='lat' dir='ltr'>t&#39;ERJTA&#39;ltJM.</span> 
     </span>
    </p>
   </div>
   <div class='ocr_carea' id='block_1_2' title="bbox 299 615 1660 698">
    <p class='ocr_par' dir='ltr' id='par_1_2' title="bbox 299 615 1660 698">
     <span class='ocr_line' id='line_1_2' title="bbox 299 615 1660 698; baseline -0.001 -20"><span class='ocrx_word' id='word_1_6' title='bbox 299 616 393 693; x_wconf 90' lang='lat' dir='ltr'>siam,</span> <span class='ocrx_word' id='word_1_7' title='bbox 409 624 443 679; x_wconf 92' lang='lat' dir='ltr'>et</span> <span class='ocrx_word' id='word_1_8' title='bbox 465 617 617 694; x_wconf 85' lang='lat' dir='ltr'>officium,</span> <span class='ocrx_word' id='word_1_9' title='bbox 634 627 667 681; x_wconf 92' lang='lat' dir='ltr'>et</span> <span class='ocrx_word' id='word_1_10' title='bbox 688 617 835 698; x_wconf 87' lang='lat' dir='ltr'>regimen</span> <span class='ocrx_word' id='word_1_11' title='bbox 856 615 1017 695; x_wconf 86' lang='lat' dir='ltr'>aliorum3</span> <span class='ocrx_word' id='word_1_12' title='bbox 1040 637 1148 680; x_wconf 87' lang='lat' dir='ltr'>causae</span> <span class='ocrx_word' id='word_1_13' title='bbox 1171 618 1260 681; x_wconf 89' lang='lat' dir='ltr'>enim</span> <span class='ocrx_word' id='word_1_14' title='bbox 1281 616 1469 680; x_wconf 90' lang='lat' dir='ltr'>collacionis</span> <span class='ocrx_word' id='word_1_15' title='bbox 1491 615 1660 679; x_wconf 77' lang='lat' dir='ltr'>modernae</span> 
     </span>
    </p>
   </div>
   <div class='ocr_carea' id='block_1_3' title="bbox 208 737 1661 803">
    <p class='ocr_par' dir='ltr' id='par_1_3' title="bbox 208 737 1661 803">
     <span class='ocr_line' id='line_1_3' title="bbox 208 737 1661 803; baseline -0.001 -2"><span class='ocrx_word' id='word_1_16' title='bbox 208 740 214 753; x_wconf 90' lang='grc'><em>“</em></span> <span class='ocrx_word' id='word_1_17' title='bbox 299 738 483 802; x_wconf 85' lang='lat' dir='ltr'>officiorum</span> <span class='ocrx_word' id='word_1_18' title='bbox 506 748 539 803; x_wconf 91' lang='lat' dir='ltr'>et</span> <span class='ocrx_word' id='word_1_19' title='bbox 563 739 775 803; x_wconf 90' lang='lat' dir='ltr'>ecclesiarum</span> <span class='ocrx_word' id='word_1_20' title='bbox 800 759 865 801; x_wconf 93' lang='lat' dir='ltr'>non</span> <span class='ocrx_word' id='word_1_21' title='bbox 886 748 963 801; x_wconf 86' lang='lat' dir='ltr'>sunt</span> <span class='ocrx_word' id='word_1_22' title='bbox 983 758 1070 802; x_wconf 86' lang='lat' dir='ltr'>verae</span> <span class='ocrx_word' id='word_1_23' title='bbox 1093 759 1201 801; x_wconf 85' lang='lat' dir='ltr'>causae</span> <span class='ocrx_word' id='word_1_24' title='bbox 1225 758 1335 801; x_wconf 91' lang='lat' dir='ltr'>coram</span> <span class='ocrx_word' id='word_1_25' title='bbox 1352 738 1427 801; x_wconf 95' lang='lat' dir='ltr'>Deo</span> <span class='ocrx_word' id='word_1_26' title='bbox 1450 739 1509 801; x_wconf 91' lang='lat' dir='ltr'>sed</span> <span class='ocrx_word' id='word_1_27' title='bbox 1532 737 1661 800; x_wconf 86' lang='lat' dir='ltr'>laesurae</span> 
     </span>
    </p>
   </div>
   <div class='ocr_carea' id='block_1_4' title="bbox 296 857 1661 2145">
    <p class='ocr_par' dir='ltr' id='par_1_4' title="bbox 298 857 1661 1305">
     <span class='ocr_line' id='line_1_4' title="bbox 299 857 1660 941; baseline 0 -20"><span class='ocrx_word' id='word_1_28' title='bbox 299 858 515 941; x_wconf 89' lang='lat' dir='ltr'>plurimarum</span> <span class='ocrx_word' id='word_1_29' title='bbox 533 859 727 924; x_wconf 89' lang='lat' dir='ltr'>animarum.</span> <span class='ocrx_word' id='word_1_30' title='bbox 766 858 897 923; x_wconf 88' lang='lat' dir='ltr'>Stultus</span> <span class='ocrx_word' id='word_1_31' title='bbox 913 859 1001 921; x_wconf 94' lang='lat' dir='ltr'>enim</span> <span class='ocrx_word' id='word_1_32' title='bbox 1017 858 1140 941; x_wconf 92' lang='lat' dir='ltr'>estqui</span> <span class='ocrx_word' id='word_1_33' title='bbox 1156 879 1199 920; x_wconf 88' lang='lat' dir='ltr'>ex</span> <span class='ocrx_word' id='word_1_34' title='bbox 1215 879 1275 920; x_wconf 92' lang='lat' dir='ltr'>sua</span> <span class='ocrx_word' id='word_1_35' title='bbox 1291 858 1379 920; x_wconf 88' lang='lat' dir='ltr'>mala</span> <span class='ocrx_word' id='word_1_36' title='bbox 1393 858 1566 922; x_wconf 88' lang='lat' dir='ltr'>voluntate</span> <span class='ocrx_word' id='word_1_37' title='bbox 1580 857 1660 921; x_wconf 84' lang='lat' dir='ltr'>facit</span> 
     </span>
     <span class='ocr_line' id='line_1_5' title="bbox 299 978 1661 1058; baseline 0 -16"><span class='ocrx_word' id='word_1_38' title='bbox 299 1000 367 1042; x_wconf 93' lang='lat' dir='ltr'>non</span> <span class='ocrx_word' id='word_1_39' title='bbox 392 1000 527 1044; x_wconf 92' lang='lat' dir='ltr'>causam</span> <span class='ocrx_word' id='word_1_40' title='bbox 554 1001 625 1044; x_wconf 91' lang='lat' dir='ltr'>esse</span> <span class='ocrx_word' id='word_1_41' title='bbox 652 990 688 1044; x_wconf 93' lang='lat' dir='ltr'>ut</span> <span class='ocrx_word' id='word_1_42' title='bbox 715 1000 857 1058; x_wconf 87' lang='lat' dir='ltr'>causam,</span> <span class='ocrx_word' id='word_1_43' title='bbox 883 979 1035 1043; x_wconf 84' lang='lat' dir='ltr'>faciendo</span> <span class='ocrx_word' id='word_1_44' title='bbox 1061 987 1095 1043; x_wconf 91' lang='lat' dir='ltr'>et</span> <span class='ocrx_word' id='word_1_45' title='bbox 1124 979 1337 1042; x_wconf 87' lang='lat' dir='ltr'>concedendo</span> <span class='ocrx_word' id='word_1_46' title='bbox 1365 978 1579 1042; x_wconf 90' lang='lat' dir='ltr'>collacionem</span> <span class='ocrx_word' id='word_1_47' title='bbox 1606 998 1661 1042; x_wconf 87' lang='lat' dir='ltr'>ec·</span> 
     </span>
     <span class='ocr_line' id='line_1_6' title="bbox 300 1100 1660 1184; baseline -0.001 -20"><span class='ocrx_word' id='word_1_48' title='bbox 300 1100 408 1164; x_wconf 87' lang='lat' dir='ltr'>clesiae</span> <span class='ocrx_word' id='word_1_49' title='bbox 434 1101 487 1164; x_wconf 97' lang='lat' dir='ltr'>vel</span> <span class='ocrx_word' id='word_1_50' title='bbox 514 1101 612 1165; x_wconf 85' lang='lat' dir='ltr'>officii</span> <span class='ocrx_word' id='word_1_51' title='bbox 638 1122 698 1183; x_wconf 92' lang='lat' dir='ltr'>pro</span> <span class='ocrx_word' id='word_1_52' title='bbox 724 1122 866 1184; x_wconf 87' lang='lat' dir='ltr'>persona</span> <span class='ocrx_word' id='word_1_53' title='bbox 895 1122 955 1184; x_wconf 92' lang='lat' dir='ltr'>pro</span> <span class='ocrx_word' id='word_1_54' title='bbox 983 1121 1048 1182; x_wconf 90' lang='lat' dir='ltr'>qua</span> <span class='ocrx_word' id='word_1_55' title='bbox 1075 1120 1140 1163; x_wconf 93' lang='lat' dir='ltr'>non</span> <span class='ocrx_word' id='word_1_56' title='bbox 1171 1100 1217 1163; x_wconf 90' lang='lat' dir='ltr'>sic</span> <span class='ocrx_word' id='word_1_57' title='bbox 1243 1100 1376 1178; x_wconf 81' lang='lat' dir='ltr'>laceres,</span> <span class='ocrx_word' id='word_1_58' title='bbox 1402 1111 1436 1165; x_wconf 88' lang='lat' dir='ltr'>et</span> <span class='ocrx_word' id='word_1_59' title='bbox 1462 1121 1524 1181; x_wconf 90' lang='lat' dir='ltr'>pro</span> <span class='ocrx_word' id='word_1_60' title='bbox 1549 1100 1660 1163; x_wconf 90' lang='lat' dir='ltr'>inten-</span> 
     </span>
     <span class='ocr_line' id='line_1_7' title="bbox 298 1221 1053 1305; baseline -0.004 -20"><span class='ocrx_word' id='word_1_61' title='bbox 298 1221 393 1286; x_wconf 92' lang='lat' dir='ltr'>cione</span> <span class='ocrx_word' id='word_1_62' title='bbox 414 1232 448 1286; x_wconf 95' lang='lat' dir='ltr'>et</span> <span class='ocrx_word' id='word_1_63' title='bbox 470 1221 536 1285; x_wconf 88' lang='lat' dir='ltr'>fine</span> <span class='ocrx_word' id='word_1_64' title='bbox 557 1243 618 1304; x_wconf 91' lang='lat' dir='ltr'>pro</span> <span class='ocrx_word' id='word_1_65' title='bbox 642 1243 708 1305; x_wconf 94' lang='lat' dir='ltr'>quo</span> <span class='ocrx_word' id='word_1_66' title='bbox 732 1243 797 1285; x_wconf 93' lang='lat' dir='ltr'>non</span> <span class='ocrx_word' id='word_1_67' title='bbox 821 1221 943 1285; x_wconf 84' lang='lat' dir='ltr'>iaceret</span> <span class='ocrx_word' id='word_1_68' title='bbox 966 1221 1053 1285; x_wconf 90' lang='lat' dir='ltr'>talis.</span> 
     </span>
    </p>

    <p class='ocr_par' dir='ltr' id='par_1_5' title="bbox 296 1339 1661 2145">
     <span class='ocr_line' id='line_1_8' title="bbox 386 1339 1659 1424; baseline 0.001 -21"><span class='ocrx_word' id='word_1_69' title='bbox 386 1351 424 1417; x_wconf 84' lang='lat' dir='ltr'>[p.</span> <span class='ocrx_word' id='word_1_70' title='bbox 449 1351 519 1417; x_wconf 68' lang='lat'>361]</span> <span class='ocrx_word' id='word_1_71' title='bbox 573 1343 637 1405; x_wconf 90' lang='lat' dir='ltr'>Est</span> <span class='ocrx_word' id='word_1_72' title='bbox 671 1342 797 1424; x_wconf 85' lang='lat' dir='ltr'>duplex</span> <span class='ocrx_word' id='word_1_73' title='bbox 827 1343 967 1420; x_wconf 86' lang='lat' dir='ltr'>Vienna,</span> <span class='ocrx_word' id='word_1_74' title='bbox 998 1363 1063 1405; x_wconf 87' lang='lat' dir='ltr'>una</span> <span class='ocrx_word' id='word_1_75' title='bbox 1096 1350 1147 1404; x_wconf 88' lang='lat' dir='ltr'>est</span> <span class='ocrx_word' id='word_1_76' title='bbox 1181 1341 1214 1403; x_wconf 94' lang='lat' dir='ltr'>in</span> <span class='ocrx_word' id='word_1_77' title='bbox 1246 1340 1393 1419; x_wconf 84' lang='lat' dir='ltr'>Francia,</span> <span class='ocrx_word' id='word_1_78' title='bbox 1423 1341 1465 1404; x_wconf 93' lang='lat' dir='ltr'>de</span> <span class='ocrx_word' id='word_1_79' title='bbox 1500 1360 1566 1422; x_wconf 89' lang='lat' dir='ltr'>qua</span> <span class='ocrx_word' id='word_1_80' title='bbox 1596 1339 1659 1405; x_wconf 83' lang='lat' dir='ltr'>fuit</span> 
     </span>
     <span class='ocr_line' id='line_1_9' title="bbox 298 1457 1658 1551; baseline 0.001 -27"><span class='ocrx_word' id='word_1_81' title='bbox 298 1462 477 1544; x_wconf 88' lang='lat' dir='ltr'>praedictus</span> <span class='ocrx_word' id='word_1_82' title='bbox 500 1463 617 1528; x_wconf 93' lang='lat' dir='ltr'>doctor</span> <span class='ocrx_word' id='word_1_83' title='bbox 637 1459 756 1551; x_wconf 89' lang='lat' dir='ltr'>[Hugo</span> <span class='ocrx_word' id='word_1_84' title='bbox 778 1465 820 1526; x_wconf 94' lang='lat' dir='ltr'>de</span> <span class='ocrx_word' id='word_1_85' title='bbox 835 1457 993 1546; x_wconf 87' lang='lat' dir='ltr'>Vienna],</span> <span class='ocrx_word' id='word_1_86' title='bbox 1017 1462 1073 1524; x_wconf 86' lang='lat' dir='ltr'>illa</span> <span class='ocrx_word' id='word_1_87' title='bbox 1097 1470 1147 1524; x_wconf 88' lang='lat' dir='ltr'>est</span> <span class='ocrx_word' id='word_1_88' title='bbox 1166 1461 1296 1524; x_wconf 90' lang='lat' dir='ltr'>Vienna</span> <span class='ocrx_word' id='word_1_89' title='bbox 1317 1482 1393 1542; x_wconf 85' lang='lat' dir='ltr'>quae</span> <span class='ocrx_word' id='word_1_90' title='bbox 1415 1472 1466 1525; x_wconf 92' lang='lat' dir='ltr'>est</span> <span class='ocrx_word' id='word_1_91' title='bbox 1487 1461 1602 1524; x_wconf 86' lang='lat' dir='ltr'>civitas</span> <span class='ocrx_word' id='word_1_92' title='bbox 1624 1471 1658 1526; x_wconf 89' lang='lat' dir='ltr'>et</span> 
     </span>
     <span class='ocr_line' id='line_1_10' title="bbox 298 1581 1661 1664; baseline -0.001 -19"><span class='ocrx_word' id='word_1_93' title='bbox 298 1582 494 1647; x_wconf 88' lang='lat' dir='ltr'>universitas</span> <span class='ocrx_word' id='word_1_94' title='bbox 522 1585 554 1646; x_wconf 89' lang='lat' dir='ltr'>in</span> <span class='ocrx_word' id='word_1_95' title='bbox 582 1586 704 1648; x_wconf 87' lang='lat' dir='ltr'>ducatu</span> <span class='ocrx_word' id='word_1_96' title='bbox 726 1582 884 1661; x_wconf 85' lang='lat' dir='ltr'>Austriae,</span> <span class='ocrx_word' id='word_1_97' title='bbox 908 1583 1001 1664; x_wconf 90' lang='lat' dir='ltr'>cujus</span> <span class='ocrx_word' id='word_1_98' title='bbox 1028 1582 1098 1645; x_wconf 91' lang='lat' dir='ltr'>dux</span> <span class='ocrx_word' id='word_1_99' title='bbox 1123 1591 1173 1645; x_wconf 92' lang='lat' dir='ltr'>est</span> <span class='ocrx_word' id='word_1_100' title='bbox 1197 1602 1256 1644; x_wconf 90' lang='lat' dir='ltr'>rex</span> <span class='ocrx_word' id='word_1_101' title='bbox 1281 1581 1448 1663; x_wconf 87' lang='lat' dir='ltr'>Ungariae,</span> <span class='ocrx_word' id='word_1_102' title='bbox 1475 1602 1570 1659; x_wconf 90' lang='lat' dir='ltr'>nunc,</span> <span class='ocrx_word' id='word_1_103' title='bbox 1593 1582 1661 1645; x_wconf 92' lang='lat' dir='ltr'>isto</span> 
     </span>
     <span class='ocr_line' id='line_1_11' title="bbox 297 1701 1660 1785; baseline 0 -20"><span class='ocrx_word' id='word_1_104' title='bbox 297 1722 386 1766; x_wconf 93' lang='lat' dir='ltr'>anno</span> <span class='ocrx_word' id='word_1_105' title='bbox 416 1704 554 1766; x_wconf 90' lang='lat' dir='ltr'>Domini</span> <span class='ocrx_word' id='word_1_106' title='bbox 580 1704 672 1783; x_wconf 84' lang='lat'>1456,</span> <span class='ocrx_word' id='word_1_107' title='bbox 695 1704 850 1767; x_wconf 91' lang='lat' dir='ltr'>dominus</span> <span class='ocrx_word' id='word_1_108' title='bbox 874 1702 1060 1781; x_wconf 89' lang='lat' dir='ltr'>Ladislaus,</span> <span class='ocrx_word' id='word_1_109' title='bbox 1082 1701 1176 1784; x_wconf 89' lang='lat' dir='ltr'>cujus</span> <span class='ocrx_word' id='word_1_110' title='bbox 1198 1702 1406 1785; x_wconf 86' lang='lat' dir='ltr'>gubernator,</span> <span class='ocrx_word' id='word_1_111' title='bbox 1424 1703 1578 1766; x_wconf 91' lang='lat' dir='ltr'>dominus</span> <span class='ocrx_word' id='word_1_112' title='bbox 1600 1702 1660 1783; x_wconf 91' lang='lat' dir='ltr'>Jo-</span> 
     </span>
     <span class='ocr_line' id='line_1_12' title="bbox 296 1821 1658 1907; baseline 0 -21"><span class='ocrx_word' id='word_1_113' title='bbox 296 1822 423 1887; x_wconf 91' lang='lat' dir='ltr'>hannes</span> <span class='ocrx_word' id='word_1_114' title='bbox 448 1824 598 1907; x_wconf 87' lang='lat' dir='ltr'>Hungat,</span> <span class='ocrx_word' id='word_1_115' title='bbox 623 1845 734 1887; x_wconf 88' lang='lat' dir='ltr'>comes</span> <span class='ocrx_word' id='word_1_116' title='bbox 749 1824 1026 1900; x_wconf 89' lang='lat' dir='ltr'>Vicesterciensis,</span> <span class='ocrx_word' id='word_1_117' title='bbox 1046 1843 1134 1886; x_wconf 93' lang='lat' dir='ltr'>anno</span> <span class='ocrx_word' id='word_1_118' title='bbox 1160 1822 1295 1885; x_wconf 92' lang='lat' dir='ltr'>Domini</span> <span class='ocrx_word' id='word_1_119' title='bbox 1316 1821 1406 1905; x_wconf 87' lang='lat'>1456,</span> <span class='ocrx_word' id='word_1_120' title='bbox 1424 1843 1501 1886; x_wconf 90' lang='lat' dir='ltr'>cum</span> <span class='ocrx_word' id='word_1_121' title='bbox 1524 1823 1561 1886; x_wconf 88' lang='lat' dir='ltr'>xl</span> <span class='ocrx_word' id='word_1_122' title='bbox 1583 1823 1658 1886; x_wconf 90' lang='lat' dir='ltr'>mil-</span> 
     </span>
     <span class='ocr_line' id='line_1_13' title="bbox 296 1941 1658 2028; baseline 0 -22"><span class='ocrx_word' id='word_1_123' title='bbox 296 1944 383 2006; x_wconf 87' lang='lat' dir='ltr'>libus</span> <span class='ocrx_word' id='word_1_124' title='bbox 406 1944 616 2023; x_wconf 90' lang='lat' dir='ltr'>Xtianorum,</span> <span class='ocrx_word' id='word_1_125' title='bbox 633 1946 754 2009; x_wconf 90' lang='lat' dir='ltr'>occidit</span> <span class='ocrx_word' id='word_1_126' title='bbox 773 1946 806 2007; x_wconf 93' lang='lat' dir='ltr'>in</span> <span class='ocrx_word' id='word_1_127' title='bbox 829 1945 977 2028; x_wconf 90' lang='lat' dir='ltr'>Ungaria</span> <span class='ocrx_word' id='word_1_128' title='bbox 998 1954 1133 2008; x_wconf 89' lang='lat' dir='ltr'>centum</span> <span class='ocrx_word' id='word_1_129' title='bbox 1154 1941 1245 2005; x_wconf 89' lang='lat' dir='ltr'>milia</span> <span class='ocrx_word' id='word_1_130' title='bbox 1261 1952 1294 2006; x_wconf 89' lang='lat' dir='ltr'>et</span> <span class='ocrx_word' id='word_1_131' title='bbox 1310 1943 1550 2025; x_wconf 86' lang='lat' dir='ltr'>quinquaginta</span> <span class='ocrx_word' id='word_1_132' title='bbox 1566 1942 1658 2007; x_wconf 89' lang='lat' dir='ltr'>milia</span> 
     </span>
     <span class='ocr_line' id='line_1_14' title="bbox 296 2063 1658 2145; baseline 0.001 -20"><span class='ocrx_word' id='word_1_133' title='bbox 296 2083 504 2145; x_wconf 88' lang='lat' dir='ltr'>paganorum</span> <span class='ocrx_word' id='word_1_134' title='bbox 526 2064 718 2143; x_wconf 76' lang='lat' dir='ltr'>Tuscorum,</span> <span class='ocrx_word' id='word_1_135' title='bbox 741 2085 786 2128; x_wconf 91' lang='lat' dir='ltr'>sc.</span> <span class='ocrx_word' id='word_1_136' title='bbox 811 2074 919 2129; x_wconf 86' lang='lat' dir='ltr'>totum</span> <span class='ocrx_word' id='word_1_137' title='bbox 940 2084 1054 2127; x_wconf 92' lang='lat' dir='ltr'>eorum</span> <span class='ocrx_word' id='word_1_138' title='bbox 1081 2063 1275 2139; x_wconf 87' lang='lat' dir='ltr'>exercitum,</span> <span class='ocrx_word' id='word_1_139' title='bbox 1300 2063 1449 2144; x_wconf 88' lang='lat' dir='ltr'>exceptis</span> <span class='ocrx_word' id='word_1_140' title='bbox 1476 2084 1500 2125; x_wconf 84' lang='lat' dir='ltr'>x</span> <span class='ocrx_word' id='word_1_141' title='bbox 1523 2063 1658 2126; x_wconf 83' lang='lat' dir='ltr'>milibus</span> 
     </span>
    </p>
   </div>
   <div class='ocr_carea' id='block_1_5' title="bbox 297 2165 1660 2267">
    <p class='ocr_par' dir='ltr' id='par_1_6' title="bbox 297 2165 1660 2267">
     <span class='ocr_line' id='line_1_15' title="bbox 297 2165 1660 2267; baseline 0.003 -23"><span class='ocrx_word' id='word_1_142' title='bbox 297 2181 490 2263; x_wconf 90' lang='lat' dir='ltr'>Turcorum,</span> <span class='ocrx_word' id='word_1_143' title='bbox 502 2185 558 2267; x_wconf 94' lang='lat' dir='ltr'>qui</span> <span class='ocrx_word' id='word_1_144' title='bbox 575 2186 607 2247; x_wconf 94' lang='lat' dir='ltr'>in</span> <span class='ocrx_word' id='word_1_145' title='bbox 620 2205 708 2267; x_wconf 88' lang='lat' dir='ltr'>aqua</span> <span class='ocrx_word' id='word_1_146' title='bbox 721 2185 867 2248; x_wconf 92' lang='lat' dir='ltr'>Danubii</span> <span class='ocrx_word' id='word_1_147' title='bbox 880 2205 955 2249; x_wconf 90' lang='lat' dir='ltr'>cum</span> <span class='ocrx_word' id='word_1_148' title='bbox 969 2204 1082 2248; x_wconf 87' lang='lat' dir='ltr'>eorum</span> <span class='ocrx_word' id='word_1_149' title='bbox 1099 2165 1246 2266; x_wconf 85' lang='lat' dir='ltr'>principe</span> <span class='ocrx_word' id='word_1_150' title='bbox 1263 2183 1477 2247; x_wconf 90' lang='lat' dir='ltr'>Machometo</span> <span class='ocrx_word' id='word_1_151' title='bbox 1492 2184 1660 2265; x_wconf 78' lang='lat' dir='ltr'>sugerunt.</span> 
     </span>
    </p>
   </div>
   <div class='ocr_carea' id='block_1_6' title="bbox 295 2303 1703 4327">
    <p class='ocr_par' dir='ltr' id='par_1_7' title="bbox 296 2303 1703 3596">
     <span class='ocr_line' id='line_1_16' title="bbox 384 2303 1657 2387; baseline 0.002 -22"><span class='ocrx_word' id='word_1_152' title='bbox 384 2313 424 2381; x_wconf 81' lang='lat' dir='ltr'>[p.</span> <span class='ocrx_word' id='word_1_153' title='bbox 447 2313 516 2378; x_wconf 70' lang='lat'><em>380]</em></span> <span class='ocrx_word' id='word_1_154' title='bbox 561 2312 677 2369; x_wconf 82' lang='lat' dir='ltr'>Pilous</span> <span class='ocrx_word' id='word_1_155' title='bbox 698 2312 836 2369; x_wconf 78' lang='lat' dir='ltr'>habitus</span> <span class='ocrx_word' id='word_1_156' title='bbox 858 2312 1019 2368; x_wconf 81' lang='lat' dir='ltr'>doctoris.</span> <span class='ocrx_word' id='word_1_157' title='bbox 1066 2304 1232 2387; x_wconf 83' lang='lat' dir='ltr'>Regnavit</span> <span class='ocrx_word' id='word_1_158' title='bbox 1255 2303 1375 2368; x_wconf 84' lang='lat' dir='ltr'>Gothis</span> <span class='ocrx_word' id='word_1_159' title='bbox 1398 2304 1574 2383; x_wconf 77' lang='lat' dir='ltr'>DiceneuS,</span> <span class='ocrx_word' id='word_1_160' title='bbox 1596 2325 1657 2368; x_wconf 86' lang='lat' dir='ltr'>rex</span> 
     </span>
     <span class='ocr_line' id='line_1_17' title="bbox 297 2424 1657 2509; baseline 0.001 -23"><span class='ocrx_word' id='word_1_161' title='bbox 297 2445 413 2487; x_wconf 91' lang='lat' dir='ltr'>eorum</span> <span class='ocrx_word' id='word_1_162' title='bbox 435 2434 469 2489; x_wconf 88' lang='lat' dir='ltr'>et</span> <span class='ocrx_word' id='word_1_163' title='bbox 493 2426 655 2508; x_wconf 80' lang='lat' dir='ltr'>pontifex,</span> <span class='ocrx_word' id='word_1_164' title='bbox 678 2447 744 2509; x_wconf 92' lang='lat' dir='ltr'>quo</span> <span class='ocrx_word' id='word_1_165' title='bbox 771 2437 922 2508; x_wconf 91' lang='lat' dir='ltr'>tempore</span> <span class='ocrx_word' id='word_1_166' title='bbox 946 2425 1175 2489; x_wconf 89' lang='lat' dir='ltr'>Romanorum</span> <span class='ocrx_word' id='word_1_167' title='bbox 1199 2424 1283 2489; x_wconf 89' lang='lat' dir='ltr'>Silla</span> <span class='ocrx_word' id='word_1_168' title='bbox 1308 2425 1434 2507; x_wconf 91' lang='lat' dir='ltr'>potitus</span> <span class='ocrx_word' id='word_1_169' title='bbox 1460 2435 1510 2489; x_wconf 92' lang='lat' dir='ltr'>est</span> <span class='ocrx_word' id='word_1_170' title='bbox 1537 2426 1657 2507; x_wconf 88' lang='lat' dir='ltr'>princi-</span> 
     </span>
     <span class='ocr_line' id='line_1_18' title="bbox 297 2546 1660 2628; baseline 0.001 -20"><span class='ocrx_word' id='word_1_171' title='bbox 297 2554 424 2627; x_wconf 92' lang='lat' dir='ltr'>patum,</span> <span class='ocrx_word' id='word_1_172' title='bbox 459 2568 560 2628; x_wconf 93' lang='lat' dir='ltr'>quem</span> <span class='ocrx_word' id='word_1_173' title='bbox 594 2547 769 2611; x_wconf 92' lang='lat' dir='ltr'>Dicineum</span> <span class='ocrx_word' id='word_1_174' title='bbox 803 2548 984 2628; x_wconf 91' lang='lat' dir='ltr'>suscipiens</span> <span class='ocrx_word' id='word_1_175' title='bbox 1018 2546 1181 2623; x_wconf 90' lang='lat' dir='ltr'>Burnista,</span> <span class='ocrx_word' id='word_1_176' title='bbox 1215 2546 1308 2608; x_wconf 88' lang='lat' dir='ltr'>dedit</span> <span class='ocrx_word' id='word_1_177' title='bbox 1341 2547 1371 2608; x_wconf 89' lang='lat' dir='ltr'>ei</span> <span class='ocrx_word' id='word_1_178' title='bbox 1404 2567 1499 2628; x_wconf 84' lang='lat' dir='ltr'>paene</span> <span class='ocrx_word' id='word_1_179' title='bbox 1531 2548 1660 2628; x_wconf 88' lang='lat' dir='ltr'>regiam</span> 
     </span>
     <span class='ocr_line' id='line_1_19' title="bbox 296 2664 1657 2749; baseline 0.001 -20"><span class='ocrx_word' id='word_1_180' title='bbox 296 2675 508 2746; x_wconf 89' lang='lat' dir='ltr'>potestatem,</span> <span class='ocrx_word' id='word_1_181' title='bbox 540 2666 596 2749; x_wconf 93' lang='lat' dir='ltr'>qui</span> <span class='ocrx_word' id='word_1_182' title='bbox 631 2668 790 2730; x_wconf 89' lang='lat' dir='ltr'>Dicineus</span> <span class='ocrx_word' id='word_1_183' title='bbox 824 2687 958 2730; x_wconf 91' lang='lat' dir='ltr'>omnem</span> <span class='ocrx_word' id='word_1_184' title='bbox 992 2687 1088 2747; x_wconf 76' lang='lat' dir='ltr'>paene</span> <span class='ocrx_word' id='word_1_185' title='bbox 1122 2664 1368 2747; x_wconf 90' lang='lat' dir='ltr'>philosophiam</span> <span class='ocrx_word' id='word_1_186' title='bbox 1400 2687 1456 2729; x_wconf 89' lang='lat' dir='ltr'>eos</span> <span class='ocrx_word' id='word_1_187' title='bbox 1490 2667 1657 2744; x_wconf 87' lang='lat' dir='ltr'>instruxit,</span> 
     </span>
     <span class='ocr_line' id='line_1_20' title="bbox 297 2786 1658 2871; baseline 0.004 -24"><span class='ocrx_word' id='word_1_188' title='bbox 297 2786 464 2869; x_wconf 86' lang='lat' dir='ltr'>elegitque</span> <span class='ocrx_word' id='word_1_189' title='bbox 486 2808 531 2850; x_wconf 87' lang='lat' dir='ltr'>ex</span> <span class='ocrx_word' id='word_1_190' title='bbox 554 2788 634 2870; x_wconf 84' lang='lat' dir='ltr'>ipsis</span> <span class='ocrx_word' id='word_1_191' title='bbox 660 2787 867 2871; x_wconf 90' lang='lat' dir='ltr'>philosophis</span> <span class='ocrx_word' id='word_1_192' title='bbox 890 2788 1111 2852; x_wconf 90' lang='lat' dir='ltr'>nobilissimos</span> <span class='ocrx_word' id='word_1_193' title='bbox 1137 2787 1431 2870; x_wconf 87' lang='lat' dir='ltr'>prudentioresque</span> <span class='ocrx_word' id='word_1_194' title='bbox 1452 2789 1548 2865; x_wconf 93' lang='lat' dir='ltr'>viros,</span> <span class='ocrx_word' id='word_1_195' title='bbox 1572 2811 1658 2871; x_wconf 87' lang='lat' dir='ltr'>quos</span> 
     </span>
     <span class='ocr_line' id='line_1_21' title="bbox 296 2906 1659 2992; baseline 0.004 -23"><span class='ocrx_word' id='word_1_196' title='bbox 296 2907 341 2970; x_wconf 93' lang='lat' dir='ltr'>ad</span> <span class='ocrx_word' id='word_1_197' title='bbox 367 2906 573 2991; x_wconf 89' lang='lat' dir='ltr'>theologiam</span> <span class='ocrx_word' id='word_1_198' title='bbox 597 2910 770 2989; x_wconf 89' lang='lat' dir='ltr'>instruens,</span> <span class='ocrx_word' id='word_1_199' title='bbox 795 2909 872 2973; x_wconf 85' lang='lat' dir='ltr'>fecit</span> <span class='ocrx_word' id='word_1_200' title='bbox 898 2912 1096 2987; x_wconf 88' lang='lat' dir='ltr'>sacerdotes,</span> <span class='ocrx_word' id='word_1_201' title='bbox 1122 2930 1242 2973; x_wconf 90' lang='lat' dir='ltr'>nomen</span> <span class='ocrx_word' id='word_1_202' title='bbox 1273 2909 1321 2972; x_wconf 91' lang='lat' dir='ltr'>eis</span> <span class='ocrx_word' id='word_1_203' title='bbox 1342 2909 1553 2992; x_wconf 87' lang='lat' dir='ltr'>pilleatorum</span> <span class='ocrx_word' id='word_1_204' title='bbox 1577 2931 1659 2975; x_wconf 90' lang='lat' dir='ltr'>eon·</span> 
     </span>
     <span class='ocr_line' id='line_1_22' title="bbox 296 3028 1661 3113; baseline 0.004 -22"><span class='ocrx_word' id='word_1_205' title='bbox 296 3028 439 3102; x_wconf 87' lang='lat' dir='ltr'>tradens,</span> <span class='ocrx_word' id='word_1_206' title='bbox 471 3050 511 3093; x_wconf 89' lang='lat' dir='ltr'>eo</span> <span class='ocrx_word' id='word_1_207' title='bbox 541 3031 631 3112; x_wconf 94' lang='lat' dir='ltr'>quod</span> <span class='ocrx_word' id='word_1_208' title='bbox 665 3032 791 3113; x_wconf 92' lang='lat' dir='ltr'>opertis</span> <span class='ocrx_word' id='word_1_209' title='bbox 820 3031 984 3113; x_wconf 90' lang='lat' dir='ltr'>capitibus</span> <span class='ocrx_word' id='word_1_210' title='bbox 1017 3029 1127 3107; x_wconf 89' lang='lat' dir='ltr'>tiaras,</span> <span class='ocrx_word' id='word_1_211' title='bbox 1157 3050 1240 3111; x_wconf 89' lang='lat' dir='ltr'>quas</span> <span class='ocrx_word' id='word_1_212' title='bbox 1273 3028 1391 3113; x_wconf 86' lang='lat' dir='ltr'>pilleos</span> <span class='ocrx_word' id='word_1_213' title='bbox 1424 3032 1490 3093; x_wconf 92' lang='lat' dir='ltr'>alio</span> <span class='ocrx_word' id='word_1_214' title='bbox 1523 3034 1661 3096; x_wconf 79' lang='lat' dir='ltr'>nomine</span> 
     </span>
     <span class='ocr_line' id='line_1_23' title="bbox 297 3149 1659 3235; baseline 0.004 -23"><span class='ocrx_word' id='word_1_215' title='bbox 297 3151 516 3224; x_wconf 89' lang='lat' dir='ltr'>nominamus,</span> <span class='ocrx_word' id='word_1_216' title='bbox 543 3149 734 3228; x_wconf 83' lang='lat' dir='ltr'>habebant3</span> <span class='ocrx_word' id='word_1_217' title='bbox 766 3151 926 3235; x_wconf 90' lang='lat' dir='ltr'>reliquam</span> <span class='ocrx_word' id='word_1_218' title='bbox 948 3171 1026 3214; x_wconf 92' lang='lat' dir='ltr'>vero</span> <span class='ocrx_word' id='word_1_219' title='bbox 1048 3160 1183 3233; x_wconf 87' lang='lat' dir='ltr'>gentem</span> <span class='ocrx_word' id='word_1_220' title='bbox 1206 3151 1379 3232; x_wconf 90' lang='lat' dir='ltr'>capillatos</span> <span class='ocrx_word' id='word_1_221' title='bbox 1408 3151 1517 3214; x_wconf 87' lang='lat' dir='ltr'>dicere</span> <span class='ocrx_word' id='word_1_222' title='bbox 1536 3151 1635 3232; x_wconf 85' lang='lat' dir='ltr'>jussit</span> <span class='ocrx_word' id='word_1_223' title='bbox 1647 3175 1659 3233; x_wconf 72' lang='grc' dir='ltr'><strong><em>ς</em></strong></span> 
     </span>
     <span class='ocr_line' id='line_1_24' title="bbox 296 3270 1703 3354; baseline 0.002 -21"><span class='ocrx_word' id='word_1_224' title='bbox 296 3270 361 3335; x_wconf 92' lang='lat' dir='ltr'>hoc</span> <span class='ocrx_word' id='word_1_225' title='bbox 383 3270 549 3352; x_wconf 90' lang='lat' dir='ltr'>Jordanus</span> <span class='ocrx_word' id='word_1_226' title='bbox 576 3272 759 3354; x_wconf 88' lang='lat' dir='ltr'>episcopus,</span> <span class='ocrx_word' id='word_1_227' title='bbox 786 3271 993 3335; x_wconf 88' lang='lat' dir='ltr'>Ravennatis</span> <span class='ocrx_word' id='word_1_228' title='bbox 1023 3271 1174 3349; x_wconf 87' lang='lat' dir='ltr'>civitatis,</span> <span class='ocrx_word' id='word_1_229' title='bbox 1199 3272 1241 3335; x_wconf 91' lang='lat' dir='ltr'>de</span> <span class='ocrx_word' id='word_1_230' title='bbox 1272 3272 1398 3354; x_wconf 88' lang='lat' dir='ltr'>origine</span> <span class='ocrx_word' id='word_1_231' title='bbox 1424 3283 1459 3336; x_wconf 96' lang='lat' dir='ltr'>et</span> <span class='ocrx_word' id='word_1_232' title='bbox 1487 3273 1658 3336; x_wconf 87' lang='lat' dir='ltr'>vocabulis</span> <span class='ocrx_word' id='word_1_233' title='bbox 1698 3273 1703 3284; x_wconf 92' lang='lat'><em>&#39;</em></span> 
     </span>
     <span class='ocr_line' id='line_1_25' title="bbox 296 3390 1659 3474; baseline 0.003 -20"><span class='ocrx_word' id='word_1_234' title='bbox 296 3390 407 3474; x_wconf 91' lang='lat' dir='ltr'>gentis</span> <span class='ocrx_word' id='word_1_235' title='bbox 428 3391 615 3455; x_wconf 91' lang='lat' dir='ltr'>Gothorum</span> <span class='ocrx_word' id='word_1_236' title='bbox 637 3393 727 3455; x_wconf 87' lang='lat' dir='ltr'>edita</span> <span class='ocrx_word' id='word_1_237' title='bbox 747 3392 790 3455; x_wconf 89' lang='lat' dir='ltr'>ad</span> <span class='ocrx_word' id='word_1_238' title='bbox 811 3392 992 3471; x_wconf 91' lang='lat' dir='ltr'>Castalum,</span> <span class='ocrx_word' id='word_1_239' title='bbox 1012 3395 1099 3455; x_wconf 90' lang='lat' dir='ltr'>unde</span> <span class='ocrx_word' id='word_1_240' title='bbox 1122 3401 1216 3474; x_wconf 89' lang='lat' dir='ltr'>patet</span> <span class='ocrx_word' id='word_1_241' title='bbox 1237 3393 1327 3474; x_wconf 90' lang='lat' dir='ltr'>quod</span> <span class='ocrx_word' id='word_1_242' title='bbox 1350 3390 1473 3456; x_wconf 88' lang='lat' dir='ltr'>Gothia</span> <span class='ocrx_word' id='word_1_243' title='bbox 1494 3402 1527 3456; x_wconf 93' lang='lat' dir='ltr'>et</span> <span class='ocrx_word' id='word_1_244' title='bbox 1550 3392 1659 3458; x_wconf 85' lang='lat' dir='ltr'>Dacia</span> 
     </span>
     <span class='ocr_line' id='line_1_26' title="bbox 296 3511 1038 3596; baseline -0.001 -20"><span class='ocrx_word' id='word_1_245' title='bbox 296 3522 332 3577; x_wconf 93' lang='lat' dir='ltr'>et</span> <span class='ocrx_word' id='word_1_246' title='bbox 353 3511 496 3596; x_wconf 87' lang='lat' dir='ltr'>Gepidia</span> <span class='ocrx_word' id='word_1_247' title='bbox 520 3534 622 3576; x_wconf 92' lang='lat' dir='ltr'>unum</span> <span class='ocrx_word' id='word_1_248' title='bbox 646 3522 680 3577; x_wconf 92' lang='lat' dir='ltr'>et</span> <span class='ocrx_word' id='word_1_249' title='bbox 704 3514 793 3576; x_wconf 93' lang='lat' dir='ltr'>idem</span> <span class='ocrx_word' id='word_1_250' title='bbox 816 3535 955 3596; x_wconf 91' lang='lat' dir='ltr'>regnum</span> <span class='ocrx_word' id='word_1_251' title='bbox 979 3523 1038 3577; x_wconf 87' lang='lat' dir='ltr'>est.</span> 
     </span>
    </p>

    <p class='ocr_par' dir='ltr' id='par_1_8' title="bbox 295 3632 1662 4327">
     <span class='ocr_line' id='line_1_27' title="bbox 386 3632 1657 3717; baseline 0.001 -20"><span class='ocrx_word' id='word_1_252' title='bbox 386 3632 531 3697; x_wconf 85' lang='lat' dir='ltr'>Oxoniae</span> <span class='ocrx_word' id='word_1_253' title='bbox 555 3634 643 3697; x_wconf 91' lang='lat' dir='ltr'>enim</span> <span class='ocrx_word' id='word_1_254' title='bbox 663 3654 706 3697; x_wconf 89' lang='lat' dir='ltr'>ex</span> <span class='ocrx_word' id='word_1_255' title='bbox 725 3635 864 3716; x_wconf 91' lang='lat' dir='ltr'>antiquo</span> <span class='ocrx_word' id='word_1_256' title='bbox 886 3644 1022 3714; x_wconf 86' lang='lat' dir='ltr'>statut0,</span> <span class='ocrx_word' id='word_1_257' title='bbox 1038 3644 1071 3698; x_wconf 91' lang='lat' dir='ltr'>et</span> <span class='ocrx_word' id='word_1_258' title='bbox 1095 3656 1139 3698; x_wconf 89' lang='lat' dir='ltr'>ex</span> <span class='ocrx_word' id='word_1_259' title='bbox 1161 3635 1299 3717; x_wconf 90' lang='lat' dir='ltr'>antiqua</span> <span class='ocrx_word' id='word_1_260' title='bbox 1320 3635 1565 3713; x_wconf 90' lang='lat' dir='ltr'>consuetudine,</span> <span class='ocrx_word' id='word_1_261' title='bbox 1590 3656 1657 3698; x_wconf 93' lang='lat' dir='ltr'>non</span> 
     </span>
     <span class='ocr_line' id='line_1_28' title="bbox 295 3754 1659 3838; baseline 0.003 -22"><span class='ocrx_word' id='word_1_262' title='bbox 295 3754 422 3818; x_wconf 89' lang='lat' dir='ltr'>habent</span> <span class='ocrx_word' id='word_1_263' title='bbox 446 3755 493 3817; x_wconf 92' lang='lat' dir='ltr'>uti</span> <span class='ocrx_word' id='word_1_264' title='bbox 516 3754 623 3836; x_wconf 91' lang='lat' dir='ltr'>pilleis</span> <span class='ocrx_word' id='word_1_265' title='bbox 646 3756 807 3831; x_wconf 61' lang='lat' dir='ltr'>rotundis</span> <span class='ocrx_word' id='word_1_266' title='bbox 834 3757 895 3818; x_wconf 93' lang='lat' dir='ltr'>nisi</span> <span class='ocrx_word' id='word_1_267' title='bbox 918 3757 1071 3819; x_wconf 91' lang='lat' dir='ltr'>doctores</span> <span class='ocrx_word' id='word_1_268' title='bbox 1094 3777 1195 3819; x_wconf 85' lang='lat' dir='ltr'>sacrae</span> <span class='ocrx_word' id='word_1_269' title='bbox 1210 3755 1404 3836; x_wconf 83' lang='lat' dir='ltr'>Theologiae</span> <span class='ocrx_word' id='word_1_270' title='bbox 1428 3766 1461 3820; x_wconf 92' lang='lat' dir='ltr'>et</span> <span class='ocrx_word' id='word_1_271' title='bbox 1480 3756 1569 3838; x_wconf 89' lang='lat' dir='ltr'>Juris</span> <span class='ocrx_word' id='word_1_272' title='bbox 1592 3754 1659 3820; x_wconf 89' lang='lat' dir='ltr'>Ca·</span> 
     </span>
     <span class='ocr_line' id='line_1_29' title="bbox 297 3874 1662 3959; baseline 0.002 -21"><span class='ocrx_word' id='word_1_273' title='bbox 297 3874 406 3938; x_wconf 90' lang='lat' dir='ltr'>nonici</span> <span class='ocrx_word' id='word_1_274' title='bbox 428 3877 589 3952; x_wconf 77' lang='lat' dir='ltr'>doctoreS,</span> <span class='ocrx_word' id='word_1_275' title='bbox 606 3884 640 3938; x_wconf 93' lang='lat' dir='ltr'>et</span> <span class='ocrx_word' id='word_1_276' title='bbox 663 3877 696 3937; x_wconf 94' lang='lat' dir='ltr'>in</span> <span class='ocrx_word' id='word_1_277' title='bbox 719 3875 894 3939; x_wconf 89' lang='lat' dir='ltr'>Medicinis</span> <span class='ocrx_word' id='word_1_278' title='bbox 916 3887 949 3940; x_wconf 92' lang='lat' dir='ltr'>et</span> <span class='ocrx_word' id='word_1_279' title='bbox 969 3876 1116 3959; x_wconf 88' lang='lat' dir='ltr'>Legibus</span> <span class='ocrx_word' id='word_1_280' title='bbox 1138 3879 1313 3954; x_wconf 88' lang='lat' dir='ltr'>doctores;</span> <span class='ocrx_word' id='word_1_281' title='bbox 1337 3888 1371 3940; x_wconf 87' lang='lat' dir='ltr'>et</span> <span class='ocrx_word' id='word_1_282' title='bbox 1393 3876 1440 3940; x_wconf 92' lang='lat' dir='ltr'>sic</span> <span class='ocrx_word' id='word_1_283' title='bbox 1463 3877 1662 3941; x_wconf 87' lang='lat' dir='ltr'>universitas</span> 
     </span>
     <span class='ocr_line' id='line_1_30' title="bbox 296 3994 1658 4082; baseline 0.003 -25"><span class='ocrx_word' id='word_1_284' title='bbox 296 3995 398 4058; x_wconf 89' lang='lat' dir='ltr'>studii</span> <span class='ocrx_word' id='word_1_285' title='bbox 429 3994 632 4059; x_wconf 88' lang='lat' dir='ltr'>Oxoniensis</span> <span class='ocrx_word' id='word_1_286' title='bbox 662 4017 682 4060; x_wconf 91' lang='lat' dir='ltr'>a</span> <span class='ocrx_word' id='word_1_287' title='bbox 712 3997 872 4080; x_wconf 88' lang='lat' dir='ltr'>principio</span> <span class='ocrx_word' id='word_1_288' title='bbox 902 3997 1109 4062; x_wconf 84' lang='lat' dir='ltr'>fundacionis</span> <span class='ocrx_word' id='word_1_289' title='bbox 1139 4020 1207 4062; x_wconf 85' lang='lat' dir='ltr'>suae</span> <span class='ocrx_word' id='word_1_290' title='bbox 1237 4020 1297 4082; x_wconf 92' lang='lat' dir='ltr'>per</span> <span class='ocrx_word' id='word_1_291' title='bbox 1327 4019 1440 4080; x_wconf 88' lang='lat' dir='ltr'>regem</span> <span class='ocrx_word' id='word_1_292' title='bbox 1470 3997 1658 4076; x_wconf 87' lang='lat' dir='ltr'>Alsredum,</span> 
     </span>
     <span class='ocr_line' id='line_1_31' title="bbox 297 4116 1660 4199; baseline 0.004 -22"><span class='ocrx_word' id='word_1_293' title='bbox 297 4116 355 4196; x_wconf 90' lang='lat' dir='ltr'>qui</span> <span class='ocrx_word' id='word_1_294' title='bbox 380 4116 486 4180; x_wconf 85' lang='lat' dir='ltr'>eciam</span> <span class='ocrx_word' id='word_1_295' title='bbox 506 4117 675 4181; x_wconf 89' lang='lat' dir='ltr'>Aluredus</span> <span class='ocrx_word' id='word_1_296' title='bbox 695 4129 840 4198; x_wconf 89' lang='lat' dir='ltr'>vocatur,</span> <span class='ocrx_word' id='word_1_297' title='bbox 861 4120 968 4184; x_wconf 86' lang='lat' dir='ltr'>facere</span> <span class='ocrx_word' id='word_1_298' title='bbox 991 4121 1169 4199; x_wconf 90' lang='lat' dir='ltr'>consuevit,</span> <span class='ocrx_word' id='word_1_299' title='bbox 1190 4130 1224 4186; x_wconf 90' lang='lat' dir='ltr'>et</span> <span class='ocrx_word' id='word_1_300' title='bbox 1247 4121 1292 4186; x_wconf 91' lang='lat' dir='ltr'>sic</span> <span class='ocrx_word' id='word_1_301' title='bbox 1317 4121 1474 4186; x_wconf 88' lang='lat' dir='ltr'>usitatum</span> <span class='ocrx_word' id='word_1_302' title='bbox 1497 4119 1560 4186; x_wconf 83' lang='lat' dir='ltr'>fuit</span> <span class='ocrx_word' id='word_1_303' title='bbox 1584 4119 1660 4186; x_wconf 84' lang='lat' dir='ltr'>Ox-</span> 
     </span>
     <span class='ocr_line' id='line_1_32' title="bbox 298 4236 1172 4327; baseline 0.006 -28"><span class='ocrx_word' id='word_1_304' title='bbox 298 4236 384 4301; x_wconf 85' lang='lat' dir='ltr'>oniae</span> <span class='ocrx_word' id='word_1_305' title='bbox 406 4257 493 4303; x_wconf 89' lang='lat' dir='ltr'>anno</span> <span class='ocrx_word' id='word_1_306' title='bbox 514 4240 574 4304; x_wconf 95' lang='lat' dir='ltr'>Xti</span> <span class='ocrx_word' id='word_1_307' title='bbox 598 4248 646 4304; x_wconf 87' lang='lat' dir='ltr'>m⁰</span> <span class='ocrx_word' id='word_1_308' title='bbox 662 4248 751 4306; x_wconf 91' lang='lat' dir='ltr'>cccc⁰</span> <span class='ocrx_word' id='word_1_309' title='bbox 766 4240 832 4327; x_wconf 87' lang='lat'>56⁰,</span> <span class='ocrx_word' id='word_1_310' title='bbox 852 4242 885 4306; x_wconf 91' lang='lat' dir='ltr'>in</span> <span class='ocrx_word' id='word_1_311' title='bbox 909 4250 1060 4326; x_wconf 90' lang='lat' dir='ltr'>tempore</span> <span class='ocrx_word' id='word_1_312' title='bbox 1082 4262 1172 4307; x_wconf 88' lang='lat' dir='ltr'>meo.</span> 
     </span>
    </p>
   </div>
   <div class='ocr_carea' id='block_1_7' title="bbox 0 0 1914 4904">
    <p class='ocr_par' dir='ltr' id='par_1_9' title="bbox 0 0 1914 4904">
     <span class='ocr_line' id='line_1_33' title="bbox 0 0 1914 4904; baseline 0 1"><span class='ocrx_word' id='word_1_313' title='bbox 0 0 1914 4904; x_wconf 95' lang='lat' dir='ltr'> </span> 
     </span>
    </p>
   </div>
  </div>
 </body>
</html>
