3818 4904
276 413 316 478 28
650 418 749 474 LOCI
774 417 803 470 E
832 416 957 470 LIBRO
991 415 1249 470 VERITATIM.

273 632 408 696 solvunt
431 630 554 712 primos
577 630 699 692 fructus
722 647 854 692 suorum
878 628 1136 708 episcopatuum.
1183 625 1269 687 lstas
1296 624 1530 704 conclusiones,
1554 647 1628 707 quae

271 762 354 816 *sunt
376 751 591 834 plurimorum
615 749 777 813 malorum
799 747 941 829 origines
964 754 997 808 et
1019 745 1215 821 occasiones,
1240 746 1430 826 praedicavit
1452 746 1630 827 praedictus

271 871 387 935 ,Pecoli
413 872 585 953 episcopus
613 870 771 952 praedicto
794 889 882 930 anno
909 866 1034 928 domini
1063 880 1142 943 1447
1171 866 1213 927 ad
1237 885 1366 928 crucem
1395 864 1509 929 Sancti
1538 864 1630 929 Pauli

279 991 464 1055 Londoniae
487 1001 520 1055 et
544 990 681 1053 tradidit
701 1010 757 1053 eas
779 989 918 1070 scriptas
941 987 973 1048 in
996 985 1151 1066 Anglico‚
1169 985 1323 1067 episcopo
1342 986 1553 1061 Norwicensi,
1571 1007 1630 1049 suo

278 1111 407 1187 fautori,
432 1120 465 1173 et
492 1110 646 1192 episcopo
670 1107 846 1184 Cicestriae,
874 1117 907 1170 et
936 1106 1091 1188 magistro
1113 1104 1293 1168 Vincencio
1320 1103 1482 1183 Clement,
1504 1106 1631 1170 doctori

278 1230 441 1306 insolenti,
457 1231 512 1309 qui
531 1228 673 1292 Oxoniae
695 1230 727 1291 in
746 1227 915 1309 theologia
933 1226 1055 1307 incepit
1074 1226 1106 1287 in
1126 1224 1240 1288 ordine
1261 1226 1455 1289 diaconatus
1476 1227 1632 1304 existens,

278 1351 383 1432 gradu
400 1359 615 1432 suooptento
632 1349 728 1412 minis
744 1357 777 1411 et
793 1347 971 1430 promissis,
987 1355 1020 1410 et
1034 1346 1169 1409 diversis
1185 1344 1301 1408 litteris
1316 1346 1412 1426 regiis
1428 1356 1461 1409 et
1479 1347 1633 1410 brevibus

279 1470 377 1552 regiis
389 1470 495 1532 missis
512 1479 626 1533 contra
641 1490 698 1532 eos
714 1470 769 1549 qui
786 1468 819 1529 in
835 1488 955 1550 magna
971 1466 1228 1549 congregacione
1245 1466 1431 1546 regencium
1452 1475 1485 1530 et
1501 1486 1566 1530 non
1584 1487 1633 1530 re·

277 1590 432 1673 gencium
449 1589 481 1652 in
495 1589 629 1654 Oxonia
644 1589 788 1672 graciam
805 1608 898 1650 suam
914 1588 1052 1669 petitam
1070 1607 1113 1649 ex
1130 1607 1188 1648 sua
1204 1587 1406 1650 consciencia
1422 1598 1635 1670 negaverunt.

367 1708 561 1790 Antequam
585 1710 758 1773 deveniam
781 1708 823 1771 ad
848 1706 1126 1790 improbacionem
1147 1706 1262 1789 primae
1283 1716 1320 1768 2⁸³
1342 1716 1375 1769 et
1395 1717 1435 1782 4⁸
1452 1707 1634 1772 conclusio·

280 1830 339 1899 nis,
367 1830 519 1892 invocata
552 1829 693 1912 Spiritus
723 1827 837 1892 Sancti
868 1827 986 1910 gracia,
1012 1828 1187 1890 ostendam
1215 1835 1282 1889 tres
1312 1846 1427 1890 causas
1453 1829 1635 1911 praecipuas

279 1947 455 2012 haeresium
486 1959 519 2012 et
550 1969 707 2011 errorum.
765 1948 873 2011 Prima
908 1958 958 2010 est
993 1948 1082 2028 quod
1119 1965 1184 2009 non
1214 1946 1329 2009 volunt
1360 1945 1512 2011 homines
1542 1951 1635 2032 sequi

279 2086 446 2132 sacrarum
485 2069 717 2152 scripturarum
759 2069 990 2131 auctoritatem
1027 2068 1086 2130 sed
1128 2066 1283 2130 humanae
1321 2068 1458 2131 racionis
1492 2091 1634 2146 sensum,

281 2198 369 2253 teste
406 2198 521 2253 sancto
559 2198 593 2252 et
629 2187 741 2252 celesti
779 2188 914 2251 doctore
951 2186 1121 2268 Jeronimo
1159 2208 1256 2270 super
1292 2187 1389 2252 Oseae
1427 2189 1635 2272 prophetiam

282 2307 429 2391 capitulo
453 2311 512 2372 vii⁰
535 2319 659 2373 textus.

276 2480 278 2486 .
372 2427 525 2494 Secunda
554 2449 653 2493 causa
683 2439 743 2500 est,
766 2428 856 2511 quod
888 2448 953 2490 non
984 2428 1151 2492 humiliter
1180 2449 1215 2492 se
1242 2428 1384 2492 retinent
1411 2429 1493 2492 insra
1526 2432 1638 2495 termi-

283 2566 344 2612 nos
367 2561 556 2613 sanctorum
580 2559 721 2631 patrum,
744 2549 803 2611 sed
827 2547 1027 2612 transferunt
1049 2570 1085 2612 se
1109 2550 1198 2632 ipsos
1225 2548 1311 2613 ultra
1334 2559 1522 2612 sanctorum
1546 2551 1638 2616 testi·

284 2669 406 2745 monia,
429 2679 464 2733 et
485 2669 729 2751 philosophiam
756 2668 938 2732 naturalem
966 2668 1047 2732 false
1073 2670 1242 2752 applicant
1268 2669 1313 2732 ad
1339 2690 1436 2733 suum
1463 2670 1637 2735 intentum.

285 2788 412 2853 Omnes
436 2790 522 2853 enim
547 2789 693 2852 haeretici
721 2788 847 2869 antiqui
870 2788 1013 2852 haereses
1042 2811 1118 2853 suas
1144 2789 1364 2854 fundaverunt
1387 2800 1421 2854 et
1443 2801 1639 2873 argumenta

283 2929 344 2972 sua
373 2909 407 2971 in
437 2909 534 2973 dictis
565 2908 835 2991 philosophorum
866 2908 1048 2990 gentilium,
1078 2911 1163 2974 sicut
1194 2909 1368 2974 Ennomus
1398 2912 1518 2993 posuit,
1548 2913 1639 2995 quod

284 3039 401 3094 natum
435 3038 485 3093 est
522 3028 624 3093 habet
662 3050 734 3093 esse
763 3037 840 3111 post
871 3050 936 3092 non
968 3051 1061 3108 esse;
1099 3030 1247 3094 Verbum
1285 3031 1357 3108 Dei,
1387 3033 1478 3114 quod
1511 3042 1641 3115 ponunt

285 3148 402 3213 Xtiani
425 3170 497 3213 esse
523 3160 648 3227 natum,
671 3169 750 3232 ergo
772 3149 874 3213 habet
896 3169 968 3213 esse
990 3159 1068 3233 post
1092 3172 1158 3214 non
1182 3173 1261 3229 esse,
1285 3161 1318 3215 et
1341 3147 1387 3215 sic
1409 3153 1640 3246 consequitur:

284 3268 433 3336 Verbum
460 3269 493 3332 in
515 3269 634 3333 divinis
656 3278 707 3332 est
729 3290 811 3352 pura
835 3281 993 3334 creatura.
1041 3270 1215 3351 Manichei‚
1239 3284 1276 3337 ut
1303 3273 1465 3336 evitarent
1488 3274 1641 3337 inconve-

286 3390 387 3469 niens,
411 3399 590 3472 posuerunt
614 3410 771 3473 magnum
799 3391 1040 3470 inconveniens,
1063 3401 1101 3456 ut
1123 3393 1210 3456 enim
1238 3393 1330 3456 Deus
1353 3414 1437 3457 unus
1460 3414 1526 3457 non
1553 3402 1642 3458 esset

284 3522 400 3575 auctor
415 3509 586 3585 malorum,
602 3521 784 3592 posuerunt
798 3512 883 3574 duos
899 3513 989 3590 deoS,
1005 3533 1107 3576 unum
1122 3513 1304 3588 celestium,
1314 3513 1415 3576 aliurn
1429 3515 1642 3596 terrestrium,

285 3641 320 3695 et
347 3631 394 3695 sic
423 3651 539 3695 omnes
569 3629 689 3695 rivulos
719 3641 987 3713 argumentorum
1014 3653 1148 3697 suorum
1179 3654 1223 3697 ex
1248 3634 1345 3698 dictis
1369 3633 1641 3717 philosophorum

286 3751 473 3824 trahebant,
490 3752 533 3816 de
555 3751 675 3833 quibus
698 3752 777 3816 dicit
800 3751 970 3835 apostolus
993 3754 1035 3817 ad
1061 3755 1231 3818 Romanos
1254 3757 1342 3837 quod
1364 3765 1499 3837 propter
1524 3775 1643 3840 magna

287 3883 424 3956 peccata
449 3872 587 3936 tradidit
617 3893 682 3949 eos,
709 3873 767 3936 ie.
793 3874 878 3937 tradi
910 3875 1059 3956 permisit
1086 3876 1119 3936 in
1150 3875 1324 3957 reprobum
1356 3895 1497 3955 sensum,
1525 3876 1581 3940 ie.
1610 3876 1643 3940 in

286 3992 404 4056 falsum
426 3993 638 4067 intellectum,
657 4002 692 4056 ut
712 3992 830 4057 falsum
851 3995 1052 4058 affirmarent
1072 3997 1161 4078 quod
1178 4015 1292 4058 verum
1312 4006 1403 4074 erat;
1424 4006 1458 4060 et
1473 3992 1644 4079 aequaliter

286 4113 359 4177 haec
388 4114 533 4178 secunda
562 4134 660 4178 causa
684 4125 777 4197 patet
801 4137 860 4198 per
884 4126 1036 4180 sanctum
1066 4116 1272 4198 Jeronimum
1297 4136 1396 4199 super
1422 4118 1534 4181 Naum
1566 4138 1643 4200 pro·

288 4233 446 4317 phetiam,
470 4235 615 4318 capitulo
639 4236 695 4300 iii⁰.
