3818 4904
673 445 769 498 LOCI
784 445 827 500 ,E
857 445 982 499 LIBRO
1017 446 1168 500 VERITA
1176 447 1274 504 TUM.
1596 438 1635 520 87

292 657 510 740 indulgenciae
534 659 719 722 ostenditur
741 679 761 721 a
789 658 1004 723 Sanctissimo
1029 659 1131 724 Paulo
1159 661 1321 743 apostolo,
1345 661 1401 744 qui
1431 662 1577 726 secunda
1599 662 1643 725 ad

292 777 490 843 Corintheos
508 786 549 858 2⁰,
570 781 603 842 in
625 799 764 861 persona
784 780 854 856 Xti,
879 781 898 842 i.
914 800 941 842 e.
965 782 1036 843 vice
1059 781 1128 855 Xti,
1153 781 1289 845 donavit
1312 802 1388 845 vere
1409 781 1585 864 poenitenti
1609 790 1643 845 et

191 930 196 953 .
290 900 427 982 longam
452 901 687 983 poenitenciam
712 910 745 963 et
775 910 888 983 aptam
915 901 1034 982 agenti,
1061 922 1179 984 poenas
1208 903 1333 985 positas
1363 904 1406 967 ab
1435 903 1571 967 homine
1599 903 1643 966 ab

291 1019 348 1083 illo
370 1021 566 1085 fornicatore
588 1023 644 1103 qui
668 1023 757 1103 prius
780 1021 972 1085 fornicando
992 1024 1098 1087 tenuit
1122 1044 1296 1087 novercam
1316 1045 1420 1113 suam,
1441 1044 1487 1088 sc.
1503 1044 1642 1087 uxorem

290 1142 393 1224 patris
419 1144 478 1220 sui,
506 1143 612 1226 qualis
636 1142 820 1220 fornicacio‚
848 1151 935 1206 teste
959 1144 1120 1226 apostolo,
1148 1146 1298 1209 nonfuit
1322 1147 1407 1209 inter
1427 1154 1553 1228 gentes,
1576 1144 1597 1207 i.
1613 1166 1641 1208 e.

290 1262 377 1326 inter
395 1262 554 1340 Gentiles,
580 1273 614 1327 et
640 1265 774 1345 quando
800 1264 967 1345 publicam
992 1273 1026 1329 et
1049 1287 1162 1328 veram
1188 1267 1423 1350 poenitenciam
1446 1267 1535 1331 idem
1562 1265 1643 1348 pub-

290 1382 373 1447 licus
396 1394 552 1467 peccator
574 1384 714 1460 fecisset,
737 1385 863 1449 remisit
884 1386 946 1448 sibi
969 1386 1149 1468 apostoluS,
1171 1387 1242 1451 vice
1264 1388 1335 1466 Xti,
1358 1387 1642 1451 continuacionem

290 1502 440 1585 ejusdem
461 1527 571 1588 poenae
590 1505 732 1589 publicae
752 1515 786 1570 et
807 1507 1028 1589 suspensionis
1049 1509 1216 1573 acomitia
1234 1508 1405 1573 hominum
1421 1518 1455 1572 et
1474 1506 1642 1584 ecclesiae3

289 1626 435 1689 scribens
459 1635 493 1690 2⁸
513 1627 556 1689 ad
582 1623 778 1690 Corintheos
799 1633 841 1704 2⁰,
860 1626 1014 1691 ‘Sufficit
1036 1629 1097 1691 sibi
1120 1627 1191 1693 haec
1214 1627 1431 1711 poenitencia,’
1453 1649 1495 1692 ne
1524 1629 1643 1709 damp-

289 1754 386 1808 netur
421 1729 482 1829 pro
519 1747 694 1828 praeterito,
723 1754 758 1809 et
792 1766 833 1809 ne
861 1746 981 1828 aliquis
1013 1756 1092 1828 agat
1122 1768 1257 1830 poenam
1290 1747 1457 1830 publicam
1486 1768 1547 1829 pro
1583 1746 1642 1812 illo

288 1874 446 1946 peccat03
471 1887 570 1949 super
590 1888 657 1949 quo
677 1876 774 1930 textu
797 1875 830 1930 2⁸
851 1867 895 1930 ad
919 1866 1115 1932 Corintheos
1131 1874 1165 1932 2⁰
1187 1877 1329 1932 testatur
1350 1869 1478 1932 Doctor
1493 1868 1641 1949 Heymo,

288 1987 457 2067 quomodo
487 1987 631 2051 Sanctus
662 1988 782 2050 Paulus
813 2007 982 2070 nunquam
1012 1987 1208 2053 absolvebat
1239 1987 1409 2053 hominem
1444 2009 1465 2051 a
1494 1997 1640 2071 peccato,

289 2106 350 2169 nisi
373 2107 462 2188 prius
484 2107 600 2170 habuit
623 2107 827 2171 evidenciam
847 2107 935 2189 quod
953 2109 1046 2171 Deus
1069 2109 1177 2191 ipsum
1200 2108 1397 2173 absolveret.
1443 2109 1529 2172 Rem
1553 2109 1641 2172 enim

288 2229 497 2290 temerariam
521 2228 652 2306 faciunt,
677 2238 764 2292 teste
792 2228 917 2293 Sancto
941 2228 1110 2310 Jeronimo
1140 2250 1238 2312 super
1267 2230 1451 2308 Danielem,
1476 2230 1533 2312 qui
1563 2229 1641 2293 faci-

287 2346 363 2411 liter
384 2349 507 2426 dicunt,
523 2349 696 2413 ‘Faciliter
716 2349 855 2413 remittit
874 2349 969 2413 vobis
985 2350 1077 2414 Deus
1097 2370 1197 2414 omne
1214 2347 1409 2432 peccatum‚’
1425 2350 1502 2431 quia
1523 2350 1642 2413 beatus

288 2467 410 2531 Daniel
438 2468 610 2552 propheta,
636 2471 791 2550 praescius
821 2470 1014 2549 futurorum,
1044 2469 1228 2534 dubitando
1263 2470 1369 2533 dixit:
1401 2466 1560 2533 ‘Peccata
1582 2479 1641 2532 tua

287 2589 474 2653 elemosinis
497 2591 621 2654 redime
631 2588 651 2669 ¹,
675 2590 759 2654 forte
784 2592 931 2655 remittet
957 2592 1017 2655 tibi
1044 2591 1135 2655 Deus
1157 2600 1294 2674 peccata
1318 2598 1377 2653 tua
1387 2588 1405 2667 ς’
1437 2598 1471 2653 et
1496 2589 1641 2654 Sanctus

288 2709 404 2774 Petrus
430 2711 476 2775 ait
501 2710 650 2793 Symoni,
667 2711 924 2776 ‘Poenitenciam
947 2732 1019 2795 age,
1047 2721 1081 2775 et
1111 2731 1190 2793 roga
1217 2712 1337 2788 Deum,
1360 2711 1387 2773 si
1417 2710 1501 2774 forte
1530 2709 1640 2773 remit-

286 2841 377 2896 tatur
400 2831 460 2895 tibi
484 2831 556 2896 haec
587 2830 767 2914 cogitacio,’
795 2833 815 2895 i.
831 2855 859 2897 e.
885 2832 992 2896 malus
1014 2852 1192 2896 consensus
1216 2841 1303 2895 tuus.
1352 2830 1526 2894 Dubitavit
1552 2831 1640 2894 enim

288 2951 430 3017 Sanctus
455 2953 571 3016 Petrus
597 2974 640 3016 an
666 2953 795 3035 Symon
819 2955 918 3036 digne
941 2962 1055 3036 ageret
1080 2973 1191 3016 coram
1219 2953 1293 3016 Deo
1318 2971 1379 3034 pro
1403 2952 1500 3015 venia
1521 2972 1542 3015 a
1566 2951 1642 3015 Deo

286 3072 448 3138 habenda.
498 3074 576 3137 Non
604 3075 691 3138 enim
717 3075 812 3152 dixit,
836 3074 891 3138 Da
916 3074 988 3153 hoc,
1012 3073 1065 3137 vel
1092 3072 1163 3149 hoc,
1187 3083 1220 3136 et
1249 3075 1379 3137 veniam
1403 3072 1466 3136 Dei
1494 3071 1641 3150 habebis,

287 3194 365 3276 quia
395 3193 525 3276 Symon
555 3196 589 3257 in
617 3194 680 3260 hoc
709 3196 866 3277 peccavit,
893 3195 983 3277 quod
1013 3195 1138 3258 donum
1171 3194 1235 3256 Dei
1265 3193 1469 3257 existimavit
1501 3193 1640 3275 pecunia

285 3313 455 3398 possideri,
484 3315 634 3379 Actuum
662 3313 696 3375 8⁰
726 3322 789 3380 ca0.
839 3314 957 3381 Solent
985 3316 1075 3379 enim
1100 3323 1211 3396 patres
1235 3313 1382 3377 ecclesiae
1413 3311 1640 3394 indulgencias

285 3437 466 3501 concedere
488 3457 565 3500 vere
585 3437 833 3519 poenitentibus,
851 3435 1092 3512 confitentibus,
1108 3444 1141 3498 et
1164 3433 1449 3511 satisfacientibus,
1471 3453 1530 3516 per
1550 3432 1639 3496 viam

285 3559 557 3623 commutacionis
578 3557 824 3636 commutando,
844 3578 889 3621 sc.
906 3577 1006 3638 opera
1029 3554 1175 3638 poenalia
1197 3574 1254 3618 seu
1276 3553 1493 3636 poenitencias
1515 3553 1639 3634 positas

286 3681 319 3742 in
338 3681 411 3764 jure
432 3683 466 3744 in
487 3680 569 3744 alios
586 3690 680 3744 actus
705 3679 868 3743 meliores.
915 3678 1110 3744 Satisfaccio
1134 3678 1222 3741 enim
1245 3675 1371 3759 duplex
1394 3685 1452 3753 est,
1475 3696 1541 3738 una
1563 3695 1640 3739 con-

284 3801 371 3867 sistit
400 3803 433 3864 in
465 3801 653 3864 reddicione
682 3799 866 3864 voluntaria
897 3799 976 3863 boni
1009 3798 1227 3881 equivalentis
1257 3797 1397 3862 bonitati
1431 3797 1531 3878 ipsius
1562 3795 1639 3871 Dei,

284 3931 398 3986 contra
421 3942 521 4004 quem
545 3921 584 3984 fit
610 3921 743 4000 offensa,
765 3921 853 3983 unde
880 3919 1065 3983 satisfaccio
1094 3920 1213 3983 dicitur
1234 3918 1337 3982 saccio
1360 3918 1448 3994 satis,
1471 3936 1515 3980 sc.
1535 3938 1639 3999 quan-

284 4054 357 4109 tum
379 4044 472 4107 Deus
493 4044 650 4125 requirit;
675 4044 718 4106 de
741 4064 807 4126 qua
825 4043 906 4107 dicit
930 4041 1103 4120 DominuS,
1119 4040 1269 4104 Actuum
1295 4057 1335 4104 20
1358 4047 1464 4113 sexto,
1481 4038 1640 4102 ‘Dicetur

285 4160 364 4242 tibi,’
385 4185 429 4229 sc.
444 4162 557 4243 Paulo,
573 4165 629 4228 ‘de
647 4166 801 4230 omnibus
821 4185 896 4246 quae
916 4172 951 4225 te
971 4171 1102 4244 oportet
1122 4156 1249 4225 facere.’
1286 4160 1365 4223 Alia
1387 4170 1436 4224 est
1454 4158 1639 4224 satisfaccio

897 4299 904 4328 ¹
917 4299 982 4348 Dan.
994 4297 1027 4351 iv.
