3818 4904
313 426 373 470 100
685 415 784 469 LOCI
808 414 837 466 E
866 414 990 468 LIBRO
1025 414 1283 467 VERITATUM.

310 641 359 694 est
375 629 573 703 allocandus‚
591 628 652 691 nisi
668 648 782 691 sensus
798 648 897 709 quem
913 636 1027 690 auctor
1047 627 1134 690 illius
1149 628 1318 710 scripturae
1333 627 1440 710 primo
1455 626 1658 702 intendebat,-

310 752 433 832 etquis
456 760 506 814 est
530 749 584 812 ille
607 769 730 825 sensus,
745 748 844 811 debet
863 748 1012 829 judicari,
1027 757 1064 811 ut
1079 748 1158 812 dicit
1180 747 1235 811 ille
1249 748 1433 830 episcopus,
1450 747 1493 810 ab
1512 746 1658 823 homine,

312 870 457 953 pollente
488 871 628 933 racione.
690 868 776 932 Item
793 868 842 930 'in
877 868 1018 949 epistola
1047 889 1105 931 sua
1135 869 1269 943 directa,
1302 869 1336 930 in
1365 866 1472 943 titulo,
1503 865 1659 930 ‘Doctori

310 991 433 1054 ordinis
460 991 598 1053 fratrum
629 990 792 1052 minorum
821 986 976 1064 Godard,’
1002 999 1099 1052 vocat
1125 985 1357 1070 praedicatores
1388 988 1564 1051 modernos
1594 987 1660 1051 ela·

310 1111 453 1175 matores
487 1112 520 1173 in
551 1110 697 1193 pulpitis,
723 1119 756 1173 et
786 1119 864 1172 ante
896 1108 986 1171 illam
1018 1109 1201 1190 epistolam,
1228 1109 1364 1172 diversis
1396 1109 1490 1171 annis
1524 1107 1659 1190 illapsis,

309 1231 500 1312 praedicavit
526 1230 727 1304 scandalose,
752 1230 842 1311 quod
869 1230 1013 1312 episcopi
1044 1230 1077 1291 in
1103 1229 1166 1292 hoc
1190 1229 1280 1311 quod
1308 1228 1453 1312 episcopi
1480 1236 1565 1304 sunt,
1592 1249 1658 1291 non

309 1359 464 1414 tenentur
503 1351 693 1433 praedicare,
723 1351 915 1432 accipiendo
947 1350 1125 1414 terminum
1156 1351 1354 1432 praedicare,
1372 1351 1405 1412 in
1443 1369 1503 1413 sua
1531 1348 1659 1414 famosa

309 1470 560 1553 significacione.
618 1470 714 1547 Item,
742 1471 787 1532 ibi
817 1481 896 1535 tunc
925 1470 1116 1552 praedicavit
1147 1470 1337 1547 Londoniis‚
1362 1470 1395 1532 in
1425 1470 1545 1534 eodem
1575 1468 1658 1544 loco,

309 1591 351 1654 ad
381 1611 510 1655 crucem
538 1590 734 1654 sanctissimi
759 1590 861 1661 Pauli,
886 1591 975 1673 quod
998 1591 1143 1673 episcopi
1174 1591 1339 1655 solventes
1366 1590 1466 1673 Papae
1494 1591 1657 1664 Romano,

309 1720 488 1793 antequam
526 1732 585 1793 per
617 1730 740 1793 papam
777 1711 997 1775 admittantur
1029 1720 1066 1774 ut
1099 1712 1165 1774 sint
1203 1712 1357 1793 episcopi,
1391 1712 1537 1794 quinque
1568 1709 1659 1773 milia

310 1850 503 1907 marcarum,
521 1853 577 1894 seu
594 1831 753 1914 majorem
769 1852 945 1905 summam,
957 1852 1023 1895 non
1038 1841 1178 1914 peccant
1199 1832 1233 1895 in
1247 1832 1322 1908 hoc,
1338 1853 1398 1896 nec
1412 1832 1484 1895 haec
1499 1831 1660 1894 solvendo

309 1972 407 2034 papae
425 1951 549 2033 aliquid
570 1953 652 2015 dant
674 1972 779 2034 papae,
797 1960 833 2014 ut
849 1952 919 2034 ipse
942 1952 1032 2028 dicit,
1049 1954 1107 2016 sed
1131 1962 1261 2016 tantum
1277 1953 1425 2016 tribuunt
1447 1972 1553 2035 papae,
1569 1951 1659 2033 quod

308 2092 406 2154 papae
427 2080 487 2148 est,
513 2071 597 2135 sicut
622 2072 737 2135 tribuit
761 2073 878 2155 aliquis
903 2071 1044 2138 ballivus
1070 2094 1129 2136 suo
1156 2073 1301 2137 domino·
1357 2074 1442 2137 Haec
1468 2072 1661 2155 praedicavit

310 2191 355 2254 ibi
371 2191 562 2266 Londoniis‚
576 2202 612 2256 ut
628 2200 792 2256 testantur
806 2192 915 2274 plures
930 2194 987 2276 qui
1003 2214 1078 2256 eum
1093 2194 1298 2257 audiverunt.
1344 2194 1440 2268 Item,
1456 2202 1494 2257 ut
1509 2192 1661 2257 scribitur
1745 2268 1749 2279 .

310 2313 354 2376 de
377 2333 426 2387 eo,
445 2312 534 2394 quod
558 2333 624 2375 non
648 2322 779 2376 tenetur
802 2314 876 2395 quis
899 2314 942 2377 ad
967 2314 1167 2377 credendum
1189 2325 1313 2378 sanctae
1336 2313 1483 2378 ecclesiae
1505 2313 1660 2377 determi-

311 2432 448 2511 nacioni,
465 2433 523 2495 sed
539 2434 639 2497 debet
661 2435 793 2497 credere
808 2435 897 2517 quod
916 2435 1052 2499 ecclesia
1069 2434 1232 2498 catholica
1247 2445 1307 2499 est.
1354 2432 1450 2509 Item,
1466 2435 1557 2517 quod
1572 2434 1662 2498 bona

311 2551 542 2629 ecclesiastica,
562 2565 595 2619 et
624 2555 752 2619 diviciae
783 2556 1023 2638 episcoporum,
1047 2564 1081 2618 et
1107 2555 1248 2619 aliorum
1276 2556 1420 2619 virorum
1444 2556 1487 2618 de
1515 2553 1661 2633 ecclesia,

313 2693 378 2735 non
403 2682 479 2736 sunt
501 2673 589 2736 bona
611 2695 804 2757 pauperum,
830 2676 887 2739 sed
912 2684 988 2739 sunt
1013 2675 1101 2738 bona
1127 2676 1173 2739 ita
1201 2676 1332 2759 propria
1358 2675 1660 2753 ecclesiasticorum,

312 2794 396 2857 sicut
418 2802 494 2856 sunt
517 2793 604 2857 bona
627 2795 822 2877 temporalia
849 2795 979 2859 illorum
1005 2797 1147 2859 virorum
1173 2798 1229 2877 qui
1252 2795 1376 2859 habent
1406 2796 1462 2858 illa
1488 2817 1531 2859 ex
1555 2795 1660 2858 haere·

310 2913 423 2988 ditate,
441 2923 474 2976 et
490 2913 553 2976 alia
570 2912 673 2977 multa
690 2915 769 2977 talia
792 2916 889 2991 mala,
905 2927 942 2981 ut
965 2916 1116 2980 scribitur
1136 2938 1156 2978 a
1178 2915 1326 2998 pluribus
1348 2916 1503 2999 personis,
1519 2935 1660 2998 quorum

311 3033 432 3115 scripta
455 3043 532 3097 sunt
556 3036 721 3098 autentica
737 3056 775 3098 ac
795 3036 989 3101 credulitate
1004 3037 1106 3119 digni.
1151 3035 1276 3100 Audivi
1298 3045 1377 3100 tunc
1400 3046 1524 3119 postea,
1541 3036 1660 3101 eodem

308 3158 397 3218 anno
421 3154 557 3217 Domini
579 3156 681 3218 nostri
703 3157 783 3236 Jesu
808 3157 867 3221 Xti
892 3168 983 3237 1457,
1004 3179 1024 3220 a
1048 3157 1194 3239 quodam
1218 3157 1383 3238 magistro,
1406 3155 1491 3218 iilius
1514 3156 1659 3239 episcopi

309 3274 443 3350 scolare,
471 3276 561 3357 quod
591 3276 646 3339 ille
678 3277 850 3360 episcopus
880 3277 1088 3361 Reginaldus
1117 3287 1218 3352 tenet,
1244 3286 1277 3341 et
1310 3278 1404 3361 ponit
1433 3278 1466 3339 in
1493 3276 1576 3340 libro
1600 3297 1660 3340 suo

311 3396 364 3458 De
391 3395 483 3474 Fide,
510 3399 599 3478 quod
622 3397 723 3461 homo
751 3407 882 3462 tenetur
904 3400 1047 3471 credere,
1072 3419 1128 3462 seu
1151 3398 1286 3463 obedire
1308 3397 1577 3463 determinacioni
1608 3417 1661 3461 ec·

309 3516 426 3595 clesiae,
453 3518 520 3580 sive
547 3517 684 3581 ecclesia
714 3528 809 3594 erret,
835 3519 904 3583 sive
932 3540 997 3583 non
1026 3527 1111 3584 erret
1136 3520 1168 3582 in
1196 3540 1256 3583 sua
1285 3518 1575 3593 determinacione,
1599 3517 1660 3582 nisi

307 3637 409 3700 homo
435 3637 557 3701 habeat
580 3639 796 3703 sufficientem
820 3641 1055 3723 excepcionem
1079 3661 1180 3722 quare
1207 3661 1273 3704 non
1296 3641 1452 3715 crederet,
1477 3660 1534 3703 seu
1557 3659 1660 3721 quare

309 3779 374 3822 non
400 3759 551 3823 obediret
576 3760 847 3824 determinacioni
873 3760 1028 3825 ecclesiae.
1087 3763 1171 3826 Haee
1198 3763 1306 3844 ipsum
1334 3761 1661 3844 episcopumtenere

307 3881 445 3943 asseruit
457 3879 556 3943 michi
566 3881 744 3962 praedictus
758 3883 913 3964 magister
925 3903 1002 3944 suus
1014 3882 1164 3960 scolaris;
1181 3891 1215 3945 et
1230 3891 1302 3946 tum
1311 3882 1430 3945 beatus
1439 3880 1660 3963 Augustinus,

306 3999 389 4062 libro
416 4020 476 4063 suo
507 4009 621 4064 contra
650 4002 762 4064 omnia
792 4023 893 4084 opera
919 4002 1069 4066 Petiliani
1099 4003 1245 4066 haeretici
1268 4011 1302 4066 et
1334 4002 1480 4084 episcopi
1503 4000 1661 4065 Donatis-

307 4127 424 4198 tarum,
441 4130 582 4185 testatur
597 4123 687 4204 quod
711 4122 779 4186 salli
802 4133 914 4206 potest
938 4124 1025 4187 orbis
1048 4134 1208 4188 terrarum
1226 4125 1269 4188 de
1289 4123 1462 4188 hominum
1478 4122 1659 4205 iniquitate,

270 4300 278 4344 :
305 4241 365 4348 ⁸sed
389 4262 455 4305 non
471 4243 512 4306 de
536 4243 611 4308 fidei
633 4245 780 4308 veritate.
827 4244 912 4309 Haee
929 4245 973 4309 ibi
990 4266 1130 4328 magnus
1145 4247 1261 4310 doctor
1277 4244 1420 4310 Sanctus
1439 4242 1658 4326 Augustinus,
