3818 4904
679 440 778 495 LOCI
804 440 833 493 E
862 440 987 496 LIBRO
1023 440 1278 496 VERITATUM.
1599 445 1654 512 151

236 709 240 717 .
308 673 374 715 non
396 653 586 736 implebitur
607 655 677 719 sine
700 657 940 737 perseverantia
962 655 1041 718 boni
1064 658 1179 734 meriti,
1195 665 1232 719 ut
1253 663 1394 720 testatur
1416 656 1532 719 doctor
1556 656 1659 737 Hugo

309 773 352 836 de
380 774 521 852 Vienna,
551 782 613 839 ca⁰.
644 775 742 858 xviij⁰
769 776 933 859 Jeremiae,
965 796 1026 840 nec
1055 777 1228 859 permissio
1265 795 1325 840 nec
1357 775 1490 840 collatio
1521 775 1659 856 alicujus

309 895 387 957 boni
414 895 606 978 temporalis
631 907 841 979 permaneret
865 908 925 960 nec
948 907 1132 960 remaneret
1158 897 1221 960 illis
1244 897 1392 979 personis
1414 917 1434 959 a
1456 896 1576 977 quibus
1599 896 1660 959 Xti

308 1015 448 1079 vicarius
466 1017 620 1080 dominus
641 1037 730 1098 papa
752 1017 876 1081 indicat
899 1010 955 1079 illa
975 1017 1095 1080 retrahi
1119 1028 1153 1081 et
1173 1019 1207 1078 in
1228 1017 1379 1080 meliores
1398 1038 1475 1080 usus
1496 1017 1661 1093 converti;

310 1136 474 1200 Dominus
497 1138 584 1200 enim
608 1138 759 1219 promisit
782 1159 818 1201 se
841 1138 967 1219 Judaeis
990 1138 1137 1202 conferre
1159 1137 1253 1219 plura
1275 1139 1364 1201 bona
1390 1149 1492 1220 quam¹
1514 1157 1660 1219 unquam

310 1257 357 1319 eis
380 1258 529 1335 contulit,
551 1258 630 1340 quia
651 1259 772 1322 vicium
800 1268 833 1321 et
860 1269 1033 1340 peccatum
1061 1280 1174 1323 eorum
1203 1279 1301 1322 causa
1321 1259 1383 1322 luit
1406 1260 1495 1341 quod
1521 1279 1585 1322 non
1612 1278 1661 1320 re·

309 1387 468 1459 ceperunt
496 1380 659 1460 promissa
691 1380 737 1442 eis
767 1402 786 1443 a
817 1380 900 1457 Deo,
927 1389 961 1445 et
991 1381 1145 1462 indignos
1175 1401 1211 1443 se
1241 1379 1388 1444 secer'unt
1418 1381 1565 1463 accipere
1596 1379 1660 1443 Dei

310 1499 522 1580 sponsionem
549 1547 556 1561 .
584 1547 591 1561 .
618 1547 625 1561 .
651 1500 812 1563 consimili
837 1501 880 1563 de
906 1520 1005 1564 causa
1032 1511 1066 1564 et
1092 1501 1306 1565 consimiliter
1332 1501 1402 1582 ejus
1429 1501 1576 1579 vicarius³
1601 1501 1661 1564 do·

311 1620 419 1682 minus
449 1641 546 1702 papa,
576 1630 687 1703 potest
718 1631 875 1685 concessa
904 1642 1056 1685 revocare
1086 1633 1120 1686 et
1153 1623 1329 1705 disponere
1359 1623 1401 1686 ad
1433 1622 1498 1686 Dei
1528 1622 1661 1685 laudem

310 1750 344 1803 et
381 1740 522 1804 salutem
557 1741 742 1805 animarum
776 1742 958 1805 secundum
992 1743 1082 1823 quod
1114 1742 1242 1824 judicat
1276 1743 1339 1806 hoc
1375 1764 1447 1806 esse
1479 1762 1660 1807 consonum

310 1860 430 1923 divinae
461 1861 643 1937 voluntati;
677 1862 762 1925 sicut
791 1882 923 1943 semper
949 1862 1103 1925 dominus
1129 1883 1217 1945 papa
1247 1864 1410 1927 concessit
1436 1863 1599 1945 prioratus
1628 1864 1661 1925 in

311 1980 438 2064 Anglia
452 1990 486 2045 et
502 1982 650 2045 redditus
668 2003 790 2058 eorum,
807 1983 864 2064 qui
880 1982 1011 2046 luerunt
1029 1982 1109 2046 olim
1126 1984 1217 2046 cellae
1239 1984 1443 2047 monasteriis
1463 1983 1496 2045 in
1516 1983 1662 2061 Francia,

311 2122 355 2164 ex
378 2102 468 2164 dono
492 2102 577 2184 regis
596 2101 755 2165 Willelmi
780 2101 1025 2184 Conquestoris‚
1048 2103 1188 2186 collegio
1212 2104 1256 2167 de
1281 2103 1371 2167 Eton
1391 2104 1491 2185 juxta
1513 2103 1663 2185 Wynde-

201 2304 205 2312 .
311 2241 419 2284 soram
437 2231 470 2286 et
487 2222 626 2305 collegio
643 2223 763 2305 Regali
778 2223 812 2286 in
830 2222 1052 2306 cantabrigia.
1066 2272 1074 2287 .
1088 2269 1096 2285 .
1111 2262 1120 2286 .-
1132 2222 1226 2287 Sicut
1242 2245 1302 2287 rex
1318 2224 1454 2306 Angliae
1469 2246 1513 2288 ex
1529 2245 1663 2288 conces·

311 2343 403 2405 sione
432 2363 530 2425 papae
560 2344 636 2406 tulit
666 2364 685 2406 a
717 2344 793 2406 viris
824 2343 991 2426 religiosis,
1021 2344 1077 2425 qui
1107 2344 1311 2408 vocabantur
1340 2343 1531 2426 Templarii‚
1560 2354 1663 2408 terras

311 2483 397 2540 suas,
427 2463 538 2526 dando
572 2485 629 2526 eas
658 2463 731 2526 aliis
760 2463 837 2526 viris
866 2463 962 2527 bonis
992 2472 1026 2527 et
1053 2463 1161 2544 justis,
1193 2473 1227 2527 et
1257 2474 1344 2545 papa
1374 2463 1538 2528 destruxit
1572 2464 1662 2527 illam

312 2582 504 2664 religionem
535 2583 810 2666 Templariorum‚
841 2585 888 2647 ita
919 2594 957 2647 ut
986 2584 1144 2664 deinceps
1175 2583 1284 2646 nullus
1314 2594 1400 2647 esset
1430 2584 1471 2646 de
1502 2583 1559 2648 illa
1589 2585 1663 2648 reli·

311 2704 418 2786 gione‚
441 2715 478 2768 ut
504 2715 597 2786 patet
624 2707 658 2767 in
685 2705 783 2767 bullis
811 2706 909 2787 Papae
934 2704 1086 2780 Romani,
1113 2724 1195 2785 quas
1221 2703 1337 2767 recitat
1363 2705 1514 2787 egregius
1536 2705 1662 2781 doctor,

313 2825 474 2906 Magister
503 2825 691 2888 Willelmus
723 2827 766 2889 de
793 2825 962 2900 Alverina,
993 2826 1168 2907 episcopus
1198 2826 1367 2906 quondam
1402 2825 1599 2904 Parisiensis‚
1629 2827 1662 2890 in

312 2947 395 3009 libro
418 2963 480 3010 suo·
502 2947 555 3010 De
578 2948 863 3029 exempcionibuS‚
886 2954 949 3010 ca0.
975 2953 1039 3010 21⁰.

399 3067 514 3150 Aliqui
546 3069 694 3132 moderni
726 3081 759 3134 et
790 3068 909 3131 novelli
941 3047 1092 3144 scolares,
1123 3067 1236 3149 pocius
1265 3069 1373 3132 verbis
1405 3066 1577 3133 hominum
1606 3092 1663 3134 va-

313 3198 426 3253 cantes
451 3210 551 3271 quam
580 3190 804 3254 fundamentis
830 3192 915 3252 veris
946 3190 978 3251 in
1007 3189 1085 3252 Deo·
1108 3198 1141 3252 et
1172 3189 1204 3251 in
1234 3191 1391 3254 creaturis
1417 3191 1483 3254 suis
1509 3190 1664 3269 sun'datis,

313 3321 441 3391 ponunt
471 3312 561 3393 quod
599 3333 664 3375 non
696 3313 772 3375 licet
803 3312 1017 3393 interpretari,
1047 3311 1106 3373 i.e.
1137 3331 1314 3392 exponere,
1345 3313 1446 3376 verba
1476 3333 1572 3395 papae
1602 3313 1663 3375 nisi

312 3431 516 3495 secundum¹
539 3432 814 3517 significationem
836 3433 1010 3496 verborum
1037 3432 1342 3514 grammaticalem
1373 3441 1487 3496 contra
1511 3434 1592 3496 istos
1617 3434 1664 3498 sic

313 3553 461 3618 dicentes
488 3563 566 3617 sunt
592 3554 702 3636 plures
729 3552 919 3617 evidenciae.
968 3552 1058 3616 Xtus
1081 3551 1169 3615 enim
1193 3553 1290 3634 plura
1313 3553 1400 3617 dixit
1424 3574 1499 3635 quae
1522 3553 1566 3617 ab
1592 3553 1664 3617 aliis

313 3675 435 3739 sanctis
470 3675 548 3738 viris
583 3675 707 3757 exponi
741 3674 846 3737 voluit
886 3683 919 3737 et
954 3672 1121 3750 declarari,
1156 3674 1245 3736 unde
1279 3674 1483 3756 evangelista
1522 3673 1664 3738 Sanctus

312 3794 483 3877 Johannes
509 3795 666 3878 exposuit
691 3798 791 3860 verba
818 3794 873 3859 illa
900 3795 969 3878 Xti,
991 3793 1152 3876 Johannis
1175 3794 1302 3871 ultimo,
1326 3794 1441 3858 ‘Alius
1468 3795 1595 3877 scinget
1621 3805 1665 3874 te,

314 3926 347 3979 et
368 3917 469 3980 ducet
492 3926 536 3991 te,
559 3925 620 3981 etc.
667 3913 761 3994 Hoc,’
782 3916 889 3997 inquit
912 3914 1123 3998 evangelista,
1142 3913 1266 3993 ‘dixit’
1282 3935 1327 3979 sc.
1344 3915 1441 3992 Xtus,
1460 3915 1665 3998 ‘significans

314 4057 380 4118 qua
403 4048 510 4100 morte
532 4037 769 4102 clarificaturus
792 4047 878 4100 esset
901 4031 1032 4112 Deum,’
1047 4055 1090 4100 sc.
1110 4036 1233 4114 Petrus,
1256 4045 1389 4100 sanctus
1412 4035 1590 4117 apostolus,
1608 4057 1666 4119 per

315 4177 410 4220 suum
451 4157 643 4221 martirium.
704 4159 802 4233 Item,
837 4157 975 4220 verbum
1013 4157 1127 4219 vocale
1166 4176 1231 4219 non
1270 4165 1319 4220 est
1357 4157 1403 4219 sic
1438 4157 1664 4238 expressivum

923 4291 932 4319 ¹
949 4290 971 4339 E
983 4307 1060 4354 marg.
