3818 4904
693 444 808 510 ,LOCI
833 445 863 497 E
892 444 1017 498 LIBRO
1052 444 1310 498 VERJTATUM.
1629 456 1687 522 133

331 654 383 718 vel
410 657 560 734 vicariis3
595 667 628 721 et
652 659 698 722 sic
726 659 836 722 vicarii
861 658 991 721 fuerunt
1015 657 1176 739 capellani
1200 657 1291 738 ejus3
1321 667 1355 720 et
1381 658 1442 720 sub
1470 658 1526 721 illa
1552 660 1687 726 licencia

330 777 487 840 absentes
517 787 610 843 erant
634 799 655 841 a
680 799 740 841 sua
769 799 856 857 cura,
872 789 906 843 et
931 800 952 841 a
978 799 1038 840 sua
1064 779 1183 841 vicaria
1210 797 1270 860 per
1299 798 1412 853 annos,
1437 790 1594 844 vacantes
1620 782 1687 844 suis

331 896 455 961 deliciis
482 908 516 961 et
545 898 775 962 venationibus
805 900 916 962 avium
939 909 973 962 et
1004 919 1132 962 canum.
1188 899 1283 976 Item,
1302 897 1373 979 jam
1397 899 1510 980 aliqui,
1533 902 1589 983 qui
1620 922 1686 965 non

330 1015 456 1081 habent
483 1018 649 1082 licentiam
676 1019 820 1084 habendi
847 1021 992 1083 diversas
1022 1019 1175 1083 ecclesias
1199 1040 1273 1084 cum
1301 1040 1387 1095 cura,
1414 1023 1588 1102 acquirunt
1615 1023 1687 1086 aliis

330 1137 519 1202 hominibus
542 1139 689 1203 diversas
713 1141 875 1216 ecclesias,
893 1150 934 1217 et,
951 1150 1131 1222 antequam
1148 1161 1203 1204 eas
1223 1140 1393 1205 conserant
1410 1143 1546 1217 eisdem,
1562 1142 1686 1207 faciunt

331 1279 389 1322 eos
416 1259 564 1341 obligari,
586 1280 647 1342 per
671 1260 893 1342 obligationes
919 1263 952 1325 in
977 1261 1083 1324 forma
1110 1261 1192 1344 legis
1217 1263 1318 1343 regni,
1341 1284 1377 1325 se
1399 1265 1571 1326 annuatim
1598 1264 1687 1328 solu·

330 1390 422 1443 turos
447 1381 699 1462 acquisitoribus
724 1381 875 1445 beneficii
900 1403 951 1444 xx
973 1402 1110 1460 marcas,
1134 1382 1187 1445 vel
1215 1383 1322 1460 ultra;
1355 1392 1388 1445 et
1412 1384 1487 1446 ideo
1511 1386 1686 1468 episcopus

331 1500 508 1576 Heliensis‚
537 1501 699 1584 Magister
723 1502 924 1585 Philippus¹,
952 1512 1132 1584 antequam
1161 1505 1353 1567 admitteret
1382 1504 1527 1585 aliquem
1554 1506 1596 1568 ad
1627 1506 1687 1569 ali-

330 1642 432 1704 quam
456 1621 638 1699 ecclesiam,
656 1622 734 1687 iecit
757 1625 865 1704 ipsum
885 1623 1003 1704 jurare,
1027 1624 1117 1705 quod
1141 1625 1230 1706 prius
1254 1644 1320 1686 non
1342 1623 1464 1687 iecerat
1487 1645 1546 1687 nec
1570 1635 1687 1707 postea

328 1741 451 1805 iaceret
477 1742 579 1805 talem
604 1743 853 1825 obligationem.
906 1743 1001 1821 Item,
1024 1743 1102 1807 secit
1126 1753 1344 1825 praesentatos
1371 1745 1413 1807 ad
1438 1745 1576 1809 vicarias
1607 1757 1687 1810 ante

326 1881 422 1924 suam
446 1863 683 1926 admissionem
707 1865 739 1926 in
761 1885 874 1927 curam
896 1863 1014 1944 jurare,
1031 1864 1121 1946 quod
1146 1865 1236 1946 prius
1261 1886 1327 1928 non
1345 1864 1489 1929 fecerant
1512 1867 1686 1948 obligatio·

328 2003 414 2061 nem,
437 2004 497 2048 nec
516 1983 740 2065 juramentum
768 1985 936 2067 religiosis
960 1987 1011 2049 cui
1038 1982 1111 2070 (sic)
1135 1986 1190 2049 illa
1219 1986 1356 2049 ecclesia
1384 1996 1434 2049 est
1462 1989 1683 2069 appropriata,

326 2105 417 2186 quod
452 2106 541 2187 ipsos
572 2128 637 2169 non
673 2117 836 2170 vexarent
867 2127 928 2170 nec
958 2108 1204 2188 implacitarent
1235 2129 1291 2170 eos
1324 2128 1384 2189 pro
1414 2112 1686 2190 augmentatione

326 2228 465 2290 vicariae.
512 2226 594 2290 Ideo
618 2227 834 2292 benedicatur
859 2229 969 2290 anima
995 2228 1077 2309 ejus,
1105 2229 1181 2310 quia
1210 2228 1270 2292 suit
1301 2248 1398 2290 causa
1426 2249 1527 2309 quare
1555 2231 1685 2294 vicariae

326 2347 457 2411 fuerunt
481 2348 598 2411 melius
622 2351 746 2412 dotatae
770 2359 803 2411 ct
826 2349 1070 2431 augmentatae!

412 2470 493 2533 Vael
521 2469 604 2532 Vae!
640 2471 801 2552 nequiciae
829 2472 1072 2544 modernorum,
1098 2471 1183 2551 perit
1207 2469 1339 2551 justicia
1366 2469 1550 2551 primitiva:
1582 2490 1686 2551 nuper

326 2590 424 2665 enim,
451 2601 588 2672 propter
610 2592 873 2655 verberationem
901 2590 997 2655 unius
1023 2593 1081 2655 viri
1110 2592 1230 2668 rustici,
1254 2599 1407 2653 tenentes
1434 2591 1529 2652 unius
1556 2592 1686 2654 comitis

323 2722 539 2775 surrexemnt
576 2713 677 2775 millia
715 2713 897 2790 hominum,
929 2723 963 2776 et
1001 2713 1192 2777 occiderunt
1231 2733 1297 2776 non
1335 2712 1427 2775 illum
1465 2713 1522 2794 qui
1561 2712 1686 2775 malum

325 2832 411 2910 fecit,
434 2834 493 2896 sed
521 2832 681 2914 plurimos
706 2835 762 2916 qui
790 2855 854 2898 non
883 2845 1044 2898 noverunt
1069 2835 1204 2912 iactum,
1229 2855 1288 2898 nec
1316 2833 1408 2897 illum
1433 2836 1489 2916 qui
1515 2833 1607 2896 illum
1630 2854 1686 2898 oc·

325 2953 428 3029 cidit3
460 2964 493 3017 et
520 2966 599 3018 tunc
624 2955 833 3037 projecerunt
859 2958 901 3019 ad
929 2966 1059 3033 terram,
1083 2966 1117 3019 et
1144 2957 1276 3038 penitus
1301 2957 1536 3018 destruxerunt
1564 2975 1686 3038 magna

326 3078 480 3153 maneria,
517 3086 551 3139 et
588 3077 704 3140 horrea
744 3077 840 3160 plena
878 3080 988 3159 granis
1023 3080 1270 3153 destruxerunt,
1307 3089 1340 3140 et
1376 3079 1494 3139 domos
1527 3076 1685 3158 plurimas

326 3196 534 3277 projecerunt
573 3208 606 3261 et
645 3201 677 3261 in
715 3209 829 3280 partes
871 3198 1110 3281 confregerunt,
1149 3200 1195 3261 ita
1233 3200 1322 3279 quod
1365 3198 1445 3261 nulli
1483 3199 1556 3260 usui
1595 3197 1685 3280 ligna

323 3328 403 3398 apta
434 3317 576 3393 suerunt,
601 3328 634 3382 et
661 3319 725 3383 hoc
748 3330 781 3383 et
808 3320 873 3382 alia
901 3319 988 3382 mala
1019 3320 1176 3397 fecerunt,
1202 3321 1353 3401 quamvis
1383 3320 1502 3395 omnia,
1525 3339 1600 3399 quae
1628 3319 1685 3380 de·

324 3449 525 3514 struxerunt,
550 3441 760 3522 pertinebant
785 3440 923 3503 ecclesia
950 3440 1131 3504 cathedrali
1160 3440 1281 3522 proprii
1309 3461 1422 3504 eorum
1454 3438 1623 3521 episcopi3
1651 3448 1685 3501 et

323 3559 395 3622 haec
431 3559 578 3623 iecerunt
612 3561 690 3641 quia
720 3561 895 3642 episcopus
926 3562 1272 3624 excommunicaverat
1304 3582 1360 3623 eos
1392 3561 1582 3623 resistentes
1613 3559 1684 3640 ejus

228 3751 234 3759 .
323 3682 524 3758 correctioni,
543 3693 577 3744 et
600 3683 701 3744 etiam
726 3691 863 3762 propter
888 3702 1022 3745 causam
1045 3681 1098 3745 hic
1126 3682 1293 3764 scriptam,
1313 3692 1346 3745 et
1371 3702 1414 3744 ex
1438 3681 1501 3744 hoc
1525 3680 1683 3761 exemplo

323 3804 477 3883 pessimo,
503 3803 638 3884 quando
662 3823 747 3865 unus
775 3803 870 3865 miles
896 3802 947 3866 vel
976 3804 1117 3884 armiger
1140 3803 1343 3866 irascebatur
1369 3801 1542 3876 eumalio,
1569 3801 1682 3865 statim

322 3926 503 4006 surgebant
533 3922 743 3988 adhaerentes
774 3926 868 3988 alteri
900 3926 986 4006 parti
1018 3945 1139 3998 corum,
1172 3935 1205 3988 et
1235 3923 1454 3986 verberabant
1485 3931 1519 3985 et
1551 3921 1683 3987 mutila-

323 4045 406 4109 bant
443 4046 496 4109 vel
535 4047 726 4111 occidemnt
759 4069 876 4110 omnes
914 4068 997 4129 quos
1035 4057 1208 4129 suspectos
1242 4046 1419 4122 habebant,
1449 4045 1505 4126 qui
1543 4043 1683 4107 alteram

322 4179 451 4248 partem
477 4167 671 4249 diligebant,
694 4169 745 4231 vel
774 4171 829 4250 qui
861 4169 903 4231 de
931 4169 986 4231 illa
1013 4178 1109 4249 parte
1134 4179 1255 4231 terram
1279 4175 1464 4242 tenuerunt,
1487 4166 1539 4228 vel
1563 4167 1683 4229 domus

501 4303 508 4332 ¹
527 4303 611 4368 Philip
624 4304 740 4367 Murgan,
751 4305 808 4353 died
823 4305 879 4353 Oet.
895 4317 932 4365 25,
950 4318 1026 4367 ¹4353
1045 4304 1181 4354 translated
1194 4303 1256 4352 {rom
1270 4304 1419 4356 ll'orcester.
1434 4300 1505 4364 1426.
