3818 4904
292 404 333 483 56
665 407 764 463 Locl
789 407 818 461 E
848 407 971 460 LIBRO
1007 405 1263 461 VERITATUM.

292 625 471 708 Jeronimo,
481 624 563 687 libro
580 643 639 686 suo
655 622 729 704 xvj⁰
744 643 841 704 super
853 621 1000 696 Ysaiam,
1011 621 1068 703 qui
1084 619 1263 683 inhabilem
1275 617 1328 682 vel
1344 638 1410 680 non
1427 617 1642 680 sufficientem

291 748 430 824 ordinat,
445 745 497 809 vel
520 745 661 809 ordinari
682 754 834 826 procurat
856 743 888 805 in
905 742 1048 806 officium
1064 741 1219 818 ecclesiae,
1235 761 1309 804 reus
1325 747 1375 803 est
1392 738 1552 801 malorum
1568 757 1643 819 quae

292 887 351 950 per
370 866 473 931 talem
494 866 698 947 perveniunt,
715 874 749 927 et
765 864 949 927 omissionis
968 863 1130 926 bonorum
1145 883 1220 944 quae
1243 883 1263 924 a
1285 860 1457 924 sufficienti
1483 867 1517 922 et
1536 878 1557 922 a
1574 858 1643 920 viro

293 987 358 1051 Dei
385 986 612 1069 pervenirent;
646 986 723 1066 quia
752 985 780 1046 si
809 983 973 1059 ordinans,
1003 1002 1061 1044 seu
1099 981 1233 1063 eligens,
1259 990 1293 1044 et
1331 1000 1508 1062 procurans
1542 977 1643 1041 talem

291 1107 443 1183 ordinari,
462 1106 612 1169 debitum
635 1125 731 1168 suum
755 1124 866 1167 coram
885 1102 960 1166 Deo
981 1103 1142 1180 fecissent,
1159 1123 1219 1166 nec
1235 1102 1314 1165 talia
1329 1101 1417 1166 mala
1433 1122 1478 1164 ex
1493 1108 1569 1162 actu
1584 1119 1644 1161 suo

291 1235 514 1308 sequerentur,
531 1246 591 1288 nec
613 1234 664 1289 tot
685 1225 773 1286 bona
795 1244 895 1305 opera
918 1223 1031 1287 debita
1053 1222 1122 1286 fieri
1145 1223 1383 1299 omitterentur,
1399 1230 1433 1285 et
1452 1224 1479 1286 si
1494 1221 1643 1285 debitum

291 1366 387 1408 suum
402 1344 555 1409 fecissent
574 1353 652 1409 ante
673 1346 926 1422 ordinacionem,
941 1344 1021 1407 talia
1040 1343 1127 1406 mala
1148 1344 1385 1425 praevidissent.
1440 1341 1537 1405 Heu!
1561 1351 1644 1422 quot

291 1467 422 1549 patroni
448 1466 659 1530 ecclesiarum
684 1475 717 1529 et
747 1467 925 1529 intrusores
948 1466 1159 1547 praelatorum
1185 1475 1218 1529 et
1245 1474 1416 1541 rectorum,
1439 1474 1473 1528 et
1495 1463 1643 1544 judicum

292 1595 326 1651 et
348 1586 576 1650 officiariorum
599 1607 659 1669 pro
681 1585 769 1650 facto
792 1607 852 1648 suo
880 1586 968 1649 malo
993 1588 1026 1649 in
1052 1606 1111 1649 sua
1139 1586 1226 1648 mala
1248 1586 1459 1650 ordinacione
1481 1583 1643 1648 malorum

292 1708 448 1787 capitum,
471 1707 504 1770 id
529 1715 589 1784 est,
611 1706 735 1789 populo
760 1706 832 1783 Dei,
856 1706 965 1769 dicere
988 1716 1126 1788 possunt
1149 1706 1273 1789 populo
1296 1708 1435 1782 erranti,
1448 1716 1481 1770 et
1504 1727 1563 1788 per
1587 1727 1645 1769 eos

292 1827 380 1904 laeso,
405 1826 486 1891 ‘Per
500 1847 576 1891 eum
592 1847 693 1908 quem
709 1828 862 1890 dedimus
876 1826 970 1890 vobis
988 1827 1261 1891 circumvenimus
1276 1825 1353 1905 vos,’
1376 1829 1397 1891 i.
1409 1849 1437 1891 e.
1461 1828 1644 1909 decipimus

291 1968 351 2011 vos
366 1956 480 2010 contra
495 1956 645 2010 sanctam
661 1946 875 2011 collacionem
887 1948 1083 2012 sanctissimi
1098 1948 1190 2010 Pauli
1206 1946 1373 2025 facientes,
1386 1949 1442 2030 qui
1457 1947 1645 2010 consimiles

291 2066 353 2130 sibi
368 2067 523 2130 ordinans
547 2067 579 2129 in
598 2069 769 2150 episcopos
792 2076 826 2130 et
849 2077 990 2131 rectores
1012 2070 1197 2131 animarum
1219 2069 1306 2131 dixit
1328 2075 1362 2131 2⁵
1379 2068 1422 2131 ad
1447 2067 1644 2132 Corintheos

295 2194 357 2265 12⁰,
381 2188 559 2270 ‘Nunquid
581 2208 641 2270 per
664 2188 810 2270 aliquem
830 2209 951 2262 eorum,
970 2209 1053 2271 quos
1074 2189 1147 2251 misi
1168 2190 1210 2252 ad
1231 2210 1299 2267 vos,
1323 2188 1520 2252 circumveni
1541 2186 1643 2253 vos?’

292 2309 472 2373 ostendens
498 2310 588 2392 quod
615 2330 681 2373 non
705 2310 838 2392 decepit
861 2330 926 2386 eos,
953 2320 986 2373 et
1013 2330 1145 2373 causam
1174 2310 1290 2388 reddit,
1316 2287 1500 2391 ‘Nunquid¹
1523 2311 1642 2373 eodem

292 2430 407 2512 spiritu
442 2439 476 2493 et
507 2429 631 2494 eisdem
665 2431 813 2512 vestIgiis
846 2428 1093 2493 ambulamus?’
1130 2431 1194 2493 hoc
1224 2430 1313 2493 enim
1343 2440 1516 2512 peccatum
1546 2431 1644 2494 malae

291 2550 512 2634 promocionis
537 2551 703 2633 praecipue
727 2559 823 2632 optat
847 2549 997 2614 diabolus
1021 2560 1054 2614 et
1077 2558 1239 2632 procurat,
1262 2552 1339 2632 quia
1366 2559 1444 2614 tunc
1470 2570 1530 2614 nec
1557 2551 1645 2615 mala

291 2670 513 2749 destruuntur,
529 2691 590 2735 nec
614 2671 845 2752 impediuntur,
862 2691 922 2734 nec
944 2670 1033 2735 bona
1051 2691 1152 2753 opera
1174 2670 1265 2748 fiunt,
1282 2691 1356 2752 quae
1373 2669 1513 2749 fierent;
1536 2671 1644 2735 malus

292 2792 380 2855 enim
399 2800 506 2856 rector
520 2812 578 2855 seu
595 2790 701 2854 malus
724 2791 905 2874 praesidens
928 2791 1016 2856 mala
1031 2790 1118 2868 facit,
1135 2800 1169 2855 et
1187 2792 1275 2855 bona
1290 2791 1405 2855 debita
1420 2791 1490 2854 fieri
1506 2793 1642 2866 omittit,

292 2920 326 2975 et
349 2911 438 2976 mala
460 2933 526 2974 non
549 2913 697 2989 destruit,
719 2921 753 2975 et
774 2932 833 2994 per
857 2933 933 2975 eum
955 2923 989 2977 et
1012 2933 1072 2995 per
1096 2922 1172 2976 acta
1196 2911 1267 2994 ejus
1291 2911 1380 2978 mala
1402 2912 1435 2975 in
1456 2911 1529 2975 aliis
1550 2912 1643 2991 fiunt,

293 3039 326 3095 et
341 3031 436 3114 plura
451 3053 553 3114 opera
568 3032 656 3095 bona
672 3033 705 3095 in
727 3032 799 3114 ipso
823 3042 856 3096 et
878 3053 938 3114 per
957 3034 1064 3116 ipsum
1083 3035 1116 3097 in
1134 3033 1206 3097 aliis
1221 3033 1427 3108 omittuntur,
1443 3042 1481 3096 ut
1503 3041 1644 3096 testatur

293 3151 437 3216 Sanctus
458 3152 646 3234 Jeronimus
670 3175 768 3238 super
789 3154 1013 3219 Ecclesiasten
1033 3161 1086 3218 ca⁰
1109 3154 1239 3218 decimo
1257 3163 1380 3232 textus,
1397 3154 1477 3217 ‘Est
1501 3153 1644 3232 malum,’

292 3272 399 3354 inquit
415 3271 581 3351 Salamon,
600 3275 706 3357 ‘quod
722 3275 789 3339 vidi
811 3275 873 3338 sub
888 3275 966 3353 sole,
981 3276 1075 3357 quasi
1091 3295 1151 3357 per
1165 3295 1307 3339 errorem
1324 3274 1496 3356 egrediens
1517 3294 1538 3337 a
1560 3273 1644 3338 facie

292 3392 457 3476 principis,
472 3395 616 3475 positum
640 3395 779 3459 stultum
802 3396 835 3458 in
858 3396 1022 3477 dignitate
1044 3395 1184 3473 sublimi,
1201 3405 1235 3459 et
1258 3395 1384 3472 divites,
1400 3377 1445 3458 sc.
1467 3395 1502 3457 in
1522 3395 1645 3459 virtute

292 3522 327 3576 et
351 3513 386 3576 in
416 3514 565 3592 sciencia,
585 3517 702 3580 sedere
734 3516 897 3592 deorsum,
925 3526 959 3581 et
988 3537 1099 3580 servos
1125 3537 1224 3598 super
1248 3537 1358 3599 equos,
1382 3536 1427 3579 sc.
1454 3516 1582 3598 peccati
1609 3524 1644 3580 et

292 3633 499 3716 ignoranciae‚
524 3644 558 3699 et
580 3636 743 3718 principes
765 3637 982 3717 ambulantes,
1005 3658 1049 3703 sc.
1071 3637 1229 3701 virtutum
1252 3646 1286 3700 et
1308 3636 1529 3715 scienciamm,
1548 3638 1642 3718 quasi

292 3757 376 3819 servi
392 3776 491 3838 super
503 3764 624 3820 terram
636 3752 660 3834 3’
683 3757 900 3822 Ecclesiastes
915 3759 1044 3822 decimo
1059 3758 1214 3841 capitulo
1253 3758 1346 3822 Mala
1361 3758 1450 3831 enim
1464 3758 1644 3839 promoci0‚

293 3877 425 3956 quando
447 3876 549 3941 homo
571 3879 701 3944 ordinat
723 3878 883 3943 festucam
907 3879 962 3942 ubi
985 3889 1122 3961 poneret
1145 3878 1365 3960 columpnam,
1388 3879 1446 3943 i.e.
1470 3878 1527 3960 qui
1548 3879 1643 3960 ponit

292 3995 446 4073 debilem,
458 3998 605 4078 inscium,
615 4000 789 4079 carnalem,
799 4010 833 4065 et
844 4008 1042 4085 torpentem,
1052 4001 1109 4064 ubi
1121 4009 1258 4083 poneret
1271 4000 1439 4074 scientem,
1451 3999 1643 4076 virtuosum,

291 4126 325 4181 et
351 4116 459 4181 zelum
481 4120 665 4185 animarum
689 4121 888 4201 habentem;
921 4144 972 4186 vae
1002 4122 1068 4186 illi!
1102 4122 1180 4204 quia
1205 4143 1289 4205 opus
1316 4121 1389 4200 Dei,
1410 4121 1522 4199 immo,
1549 4119 1645 4202 plura

291 4257 393 4321 opera
420 4239 493 4319 Dei,
516 4261 575 4324 per
600 4242 701 4306 talem
729 4243 939 4327 negliguntur
963 4252 997 4309 et
1021 4243 1229 4308 omittuntur.
1274 4237 1511 4323 ‘Maledictus’
1538 4240 1644 4324 inquit
