3818 4904
683 426 782 482 LOCI
806 428 836 482 E
865 428 991 483 LIBRO
1026 428 1285 487 VERITATUM.
1603 437 1663 505 105

308 641 446 708 Canaan
476 643 642 725 praedixit,
674 645 751 726 quia
782 646 815 708 in
846 647 962 729 spiritu
992 649 1084 714 novit
1114 650 1203 731 quod
1234 657 1321 712 esset
1351 648 1499 711 imitator
1533 648 1663 730 paterni

306 764 446 842 sceleris,
465 783 509 828 sc.
530 762 621 842 Caiu,
637 767 693 846 qui
715 767 784 831 risit
804 767 920 831 videns
940 771 1083 834 verenda
1105 770 1210 851 patris
1231 770 1280 831 sui
1302 769 1377 831 Noe
1400 769 1497 846 nuda,
1513 779 1547 833 et
1569 778 1664 850 patet

308 883 448 950 Genesis
465 906 551 948 nono
568 893 650 963 ca⁰.;
673 907 752 969 ergo
768 888 964 953 maledictus
979 902 1029 954 est
1045 912 1065 953 a
1081 892 1228 954 Domino
1245 911 1310 953 non
1327 888 1433 953 solum
1446 890 1502 971 qui
1518 910 1558 952 ea
1572 890 1664 954 videt

306 1008 350 1071 ad
374 1006 633 1071 delectacionem
657 1007 788 1086 malam,
812 1011 870 1072 sed
894 1011 999 1075 eciam
1022 1012 1078 1093 qui
1106 1032 1145 1075 ea
1167 1011 1313 1074 ostendit
1335 1010 1392 1073 illa
1414 1011 1457 1073 de
1480 1031 1597 1089 causa3
1629 1018 1663 1073 et

307 1128 383 1192 ideo
405 1128 547 1193 Sanctus
564 1129 729 1192 Martinus
749 1131 917 1213 prohibuit
938 1133 1017 1196 talia
1039 1134 1173 1198 revelari
1192 1135 1226 1196 in
1246 1154 1313 1196 uno
1333 1153 1428 1196 servo
1448 1153 1508 1195 suo
1526 1132 1662 1195 sedente

303 1249 403 1332 juxta
426 1250 547 1331 ignem,
571 1258 608 1313 ut
630 1260 723 1332 patet
747 1251 780 1313 in
802 1253 871 1316 vita
894 1274 962 1316 sua.

396 1371 493 1447 Item,
516 1371 682 1433 Dominus
705 1371 881 1453 prohibuit,
904 1373 1043 1438 Levitici
1068 1382 1132 1451 20⁰,
1156 1374 1235 1438 talia
1259 1374 1407 1447 membra
1430 1374 1569 1436 ostendi.

395 1488 491 1563 Item,
508 1487 623 1552 Adam
645 1499 679 1554 et
702 1489 774 1553 Eva
797 1501 873 1572 post
896 1504 1069 1574 peccatum
1093 1514 1188 1556 suum
1212 1493 1448 1557 erubescebant
1468 1493 1580 1555 videre
1603 1512 1662 1555 sua

306 1611 439 1694 propria
466 1611 616 1675 membra
641 1621 774 1688 secreta,
799 1622 832 1675 et
859 1613 934 1676 ideo
961 1613 1017 1677 illa
1044 1615 1201 1696 tegebant
1226 1614 1313 1677 foliis
1339 1614 1470 1686 ficuum,
1500 1620 1661 1675 noverunt

305 1733 395 1797 enim
416 1732 506 1814 quod
528 1752 644 1795 omnes
663 1733 787 1814 posteri
810 1735 960 1817 concepti
980 1744 1012 1798 et
1036 1737 1104 1800 nati
1127 1758 1170 1798 ex
1194 1735 1257 1798 illis
1280 1735 1436 1798 membris
1459 1742 1568 1797 essent
1590 1731 1661 1795 nati

306 1853 340 1915 in
366 1862 504 1935 peccato
529 1851 687 1934 originali,
712 1865 745 1917 et
768 1854 859 1935 quod
889 1865 998 1919 essent
1025 1855 1081 1918 filii
1108 1855 1173 1934 irae,
1196 1857 1216 1919 i.
1226 1876 1253 1917 e.
1278 1853 1546 1937 dampnacionis3
1576 1853 1661 1915 sieut

305 1993 367 2036 nos
392 1972 463 2055 jam
498 1992 613 2036 sumus
641 1982 720 2036 ante
750 1973 961 2056 baptismum,
992 1976 1053 2038 nisi
1090 1997 1134 2038 ex
1163 1977 1274 2057 gracia
1304 1975 1369 2039 Dei
1399 1973 1533 2056 speciali
1563 1971 1660 2035 suerit

304 2094 418 2175 aliqua
436 2114 577 2176 persona
600 2095 767 2158 custodita
789 2095 873 2158 sicut
896 2095 1038 2159 creditur
1057 2097 1100 2159 de
1122 2097 1222 2159 beata
1241 2096 1356 2173 Maria,
1374 2113 1505 2176 semper
1526 2092 1660 2174 virgIne,

304 2234 381 2297 quae
407 2214 469 2278 fuit
495 2213 542 2278 ita
566 2233 649 2295 pura
675 2213 708 2276 in
735 2214 805 2296 ejus
827 2215 961 2300 origine,
986 2224 1024 2279 ut
1045 2216 1197 2295 creditur,
1220 2236 1279 2299 per
1303 2216 1457 2298 graciam,
1480 2214 1564 2277 sicut
1588 2213 1660 2276 Eva

305 2336 377 2414 fuit,
399 2338 507 2418 prima
529 2334 654 2400 mulier.

393 2458 585 2523 Fornicacio
614 2466 725 2521 autem
752 2468 786 2522 et
816 2468 908 2522 actus
939 2459 1066 2543 copulae
1097 2459 1235 2524 carnalis
1266 2458 1344 2522 facit
1366 2457 1534 2520 hominem
1557 2451 1658 2518 bestiss

303 2579 392 2645 alem
415 2588 449 2642 et
472 2579 690 2660 impotentem
714 2579 833 2643 mentis
857 2600 925 2643 suae
945 2581 1096 2664 propriae.

392 2701 488 2777 Item,
515 2719 580 2762 non
611 2700 772 2781 permittit
801 2701 971 2765 hominem
1002 2722 1061 2784 pro
1092 2710 1242 2784 tempore
1272 2700 1360 2764 illius
1390 2707 1484 2763 actus
1515 2696 1660 2777 cogitare

303 2821 395 2888 aliud
418 2842 519 2905 quam
543 2820 623 2885 illud
647 2821 769 2904 inquo
792 2822 966 2887 carnaliter
988 2823 1181 2902 delectatur.

392 2943 489 3021 Item,
510 2963 576 3005 non
598 2943 761 3026 permittit
779 2943 948 3007 hominem
972 2945 1181 3010 considerare
1203 2944 1313 3008 lutura
1335 2944 1431 3018 mala,
1451 2942 1484 3003 in
1504 2960 1579 3023 quae
1602 2959 1661 3023 per

305 3074 477 3148 peccatum
500 3084 596 3126 suum
620 3064 762 3141 incurrit,
785 3073 822 3128 ut
844 3074 937 3147 patet
960 3065 1063 3129 Lucae
1088 3073 1151 3144 15⁰,
1175 3067 1217 3130 de
1240 3065 1308 3128 filio
1331 3064 1482 3146 prodigo.

392 3187 489 3265 Item,
519 3194 633 3251 causat
663 3185 695 3248 in
731 3185 865 3248 homme
899 3185 1069 3268 passiones
1099 3186 1253 3249 arteticas
1283 3194 1316 3248 et
1348 3184 1419 3247 illas
1452 3181 1659 3247 Infirmitates

302 3330 379 3392 quae
402 3316 579 3373 causantur
600 3327 645 3370 ex
668 3306 770 3369 nimia
793 3306 1005 3372 resolucione.

392 3430 489 3508 Item,
505 3437 619 3492 causat
635 3428 667 3491 in
683 3428 777 3510 prole
792 3438 954 3511 concepta
969 3429 1122 3492 morbum
1138 3426 1392 3505 haereditarium,
1404 3435 1438 3491 et
1453 3423 1658 3489 consimilem

304 3550 554 3615 inclinacionem
578 3559 612 3613 et
636 3549 900 3631 disposicionem,
922 3549 1029 3631 qualis
1055 3549 1116 3612 fuit
1140 3549 1172 3611 in
1198 3557 1387 3632 generante,
1409 3546 1462 3609 vel
1489 3545 1522 3608 in
1549 3543 1658 3608 conci·

303 3671 427 3754 piente,
450 3670 601 3753 quamvis
624 3670 708 3733 forte
734 3669 843 3751 proles
869 3690 1038 3752 nunquam
1065 3671 1176 3733 videat
1200 3680 1331 3752 patrem
1356 3688 1416 3732 nec
1439 3676 1589 3740 matrem,
1613 3684 1658 3726 ex

303 3813 371 3874 quo
400 3801 494 3875 patet
524 3793 613 3874 quod
644 3791 820 3873 disposicio
851 3801 964 3855 manet
997 3793 1030 3855 in
1063 3793 1198 3867 semme,
1229 3792 1317 3855 unde
1350 3799 1477 3873 patrem
1510 3785 1658 3868 sequitur

302 3933 363 3976 sua
385 3913 503 3996 proles.

391 4035 487 4109 Item,
516 4054 581 4097 non
611 4033 689 4097 sinit
715 4032 885 4096 hominem
915 4053 996 4114 pure
1022 4034 1167 4115 cogitare
1194 4054 1268 4115 quae
1296 4032 1359 4096 Dei
1390 4040 1466 4094 sunt
1497 4050 1555 4094 nec
1582 4050 1657 4113 quae

304 4153 415 4219 sutura
437 4163 522 4232 sunt,
547 4153 649 4218 etsie
671 4156 820 4236 sequitur
842 4176 885 4218 ex
909 4176 949 4217 eo
972 4156 1103 4219 caecitas
1127 4157 1248 4219 mentis
1272 4164 1304 4219 et
1327 4153 1480 4217 debilitas
1502 4152 1634 4216 cerebri.

390 4284 424 4351 [p.
440 4283 509 4351 526]
569 4282 778 4340 Fornioaeio.
839 4276 951 4339 Bonus
982 4276 1170 4342 Willelmus
1203 4278 1246 4341 de
1282 4275 1458 4353 Comubia,
1495 4273 1657 4339 heremita

972 4394 991 4443 P
