3818 4904
682 444 781 500 LOCI
806 445 837 497 E
864 446 989 502 LIBRO
1025 448 1282 505 VERJTATW.
1617 445 1657 525 67

307 675 382 738 quae
407 655 538 735 lecistis,
566 677 639 720 meo
665 657 804 736 deiectu,
831 667 864 722 et
888 669 1022 742 propter
1047 660 1135 723 bona
1159 681 1267 742 opera,
1294 682 1368 744 quae
1396 664 1551 727 omisistis
1582 685 1657 728 meo

304 773 437 841 delectu
461 799 517 840 seu
539 778 742 860 negligencia
755 776 775 854 3'
798 778 831 841 in
847 777 1041 862 Apocalipsi
1065 783 1151 843 enim
1173 780 1336 845 Dominus
1359 784 1530 866 episcopos
1549 804 1658 867 repre·

304 895 423 962 ¹hendit
447 908 481 962 et
506 898 856 980 eis'dampnacionem
885 899 1035 977 minatur,
1063 921 1122 982 pro
1153 901 1248 964 malis
1278 923 1410 965 suorum
1442 904 1657 978 subditorum,

303 1029 340 1082 et
370 1020 475 1082 bonos
507 1019 678 1101 episcopos
708 1019 770 1081 sibi
803 1021 1024 1096 commendat,
1054 1040 1113 1103 pro
1144 1021 1239 1084 bonis
1271 1015 1436 1085 laboribus
1466 1023 1551 1088 circa
1581 1025 1659 1087 sub-

304 1139 395 1202 ditos
422 1160 507 1216 suos,
532 1147 568 1202 ut
594 1147 735 1203 testatur
762 1137 906 1202 Sanctus
929 1138 1115 1219 Jeronimus
1143 1161 1241 1223 super
1266 1141 1434 1205 Micheam
1461 1143 1657 1226 prophetam

304 1259 450 1342 capitulo
477 1269 586 1322 sexto.
634 1257 701 1322 Sed
729 1258 812 1322 forte
838 1259 927 1335 dicis
954 1260 1104 1322 ‘Bonum
1132 1259 1239 1324 habeo
1273 1261 1487 1326 substitutum
1519 1273 1553 1327 et
1582 1265 1659 1328 ideo

305 1400 372 1444 non
398 1400 475 1443 curo
500 1380 543 1443 de
564 1380 718 1442 absencia
741 1399 815 1442 mea
838 1399 858 1442 a
880 1379 975 1455 cura,’
996 1381 1053 1443 sed
1079 1380 1161 1442 scias
1184 1381 1274 1462 quod
1297 1383 1353 1464 qui
1377 1403 1435 1465 per
1456 1383 1556 1446 alium
1580 1384 1659 1449 lacit

304 1510 389 1582 opus
411 1520 497 1563 curae
519 1520 588 1562 suae
610 1519 670 1581 per
691 1519 726 1562 se
749 1519 814 1561 non
837 1498 923 1577 lacit,
947 1499 1007 1562 nisi
1031 1500 1208 1563 necessitas
1229 1520 1307 1564 vera
1329 1503 1372 1564 sit
1394 1503 1427 1564 in
1450 1522 1548 1567 causa
1572 1491 1659 1567 illius

304 1621 561 1695 substitucionis‚
588 1630 622 1683 et
648 1640 725 1682 vera
754 1619 908 1683 voluntas
934 1640 993 1702 per
1025 1640 1061 1683 se
1091 1619 1232 1683 faciendi
1259 1621 1285 1683 si
1314 1634 1448 1702 posset3
1483 1624 1539 1705 qui
1567 1624 1658 1686 enim

304 1761 364 1823 per
386 1741 487 1804 aliurn
510 1740 597 1815 lacit,
621 1741 729 1822 ipsum
752 1740 908 1803 vicarium
931 1759 1027 1802 suurn
1050 1740 1094 1803 ab
1117 1741 1270 1822 operibus
1294 1741 1390 1804 bonis
1416 1741 1560 1820 retrahit,
1582 1763 1659 1825 quae

304 1861 477 1946 perficeret
501 1863 527 1924 si
555 1862 735 1944 praesidens
760 1860 903 1924 officium
927 1880 1022 1923 suum
1051 1868 1139 1924 recte
1165 1869 1199 1923 et
1222 1881 1280 1943 per
1302 1881 1338 1923 se
1360 1861 1539 1943 perficeret·
1585 1863 1659 1928 Oza

304 1984 392 2047 enim
406 1983 531 2060 Levita,
543 1981 581 2063 ij⁰
592 1983 733 2065 Regum,
745 1992 843 2045 sexto
859 1980 1012 2064 capitulo,
1026 2001 1198 2063 percussus
1213 1981 1274 2045 fuit
1289 1983 1331 2045 ad
1350 1992 1498 2053 mortem,
1511 1983 1659 2047 Domino

303 2104 366 2168 hoc
395 2104 537 2181 volente,
568 2103 645 2185 quia
675 2123 741 2165 non
771 2103 914 2184 portavit
944 2100 1077 2164 archam
1109 2096 1245 2164 Domini
1276 2123 1373 2183 super
1403 2103 1551 2186 proprios
1581 2124 1659 2168 suos

303 2224 466 2297 humeros
494 2232 528 2288 et
554 2223 630 2287 ideo
660 2223 787 2287 occisus
816 2223 886 2300 fuit,
913 2232 950 2285 ut
977 2231 1117 2286 testatur
1144 2221 1287 2286 Sanctus
1316 2222 1503 2303 Jeronimus
1532 2225 1658 2302 doctor,

303 2347 336 2411 in
364 2345 613 2428 Quaestionibus
639 2363 738 2426 super
768 2341 1052 2424 Paralipomenon,
1079 2350 1114 2405 et
1144 2341 1297 2425 Epistola
1323 2345 1531 2425 sexagesima
1560 2355 1659 2408 sexta

302 2466 346 2531 ad
374 2467 558 2530 Fabianum
588 2465 764 2528 diaconum
792 2463 944 2546 lapsum;
977 2464 1004 2525 si
1030 2482 1108 2544 ergo
1134 2483 1194 2544 per
1219 2463 1320 2525 alium
1348 2464 1562 2527 substitutum
1587 2438 1658 2528 offi-

302 2590 390 2653 cium
408 2597 504 2651 tuum
523 2585 671 2669 impleas,
690 2584 804 2647 videas
824 2583 1055 2648 necessitatem
1076 2602 1178 2664 quare
1198 2593 1234 2646 tu
1258 2583 1328 2665 ipse
1352 2604 1417 2647 non
1441 2583 1530 2663 lacis,
1545 2585 1658 2650 videas

302 2710 391 2793 quod
409 2709 566 2792 requisita
586 2727 695 2771 coram
713 2707 788 2769 Deo
809 2706 874 2769 sint
894 2706 927 2768 in
942 2712 1001 2768 tuo
1022 2705 1203 2769 substituto
1222 2705 1310 2768 vices
1330 2694 1405 2769 tuas
1425 2705 1608 2789 supplente,
1624 2716 1658 2771 et

301 2831 378 2895 vide
392 2831 481 2913 quod
497 2838 533 2893 tu
556 2849 621 2892 non
644 2829 689 2892 sis
709 2830 847 2910 ignavus
867 2845 987 2901 servus,
1003 2826 1083 2888 dum
1104 2834 1198 2888 tenes
1218 2825 1361 2889 officium
1381 2827 1480 2908 quod,
1498 2827 1525 2889 si
1545 2826 1659 2909 apcior

301 2959 336 3016 et
358 2952 474 3015 melior
492 2961 525 3014 te
541 2949 686 3023 haberet,
704 2947 809 3011 multo
827 2947 937 3030 plures
956 2956 1051 3009 actus
1065 2945 1172 3009 bonos
1193 2966 1304 3009 coram
1321 2947 1395 3010 Deo
1415 2947 1657 3029 multiplicaret,

302 3081 340 3137 ut
362 3073 468 3155 inquit
493 3071 636 3136 Sanctus
658 3069 846 3150 Jeronimus
869 3068 901 3131 in
927 3066 1079 3149 Epistola
1100 3067 1143 3129 ad
1168 3066 1387 3131 Heliodorum
1410 3068 1610 3150 episcopum.

345 3193 499 3257 Tercium
522 3189 646 3254 flumen
666 3189 848 3253 Babiloniae
871 3186 1080 3265 confusionis
1095 3207 1248 3270 mergens
1271 3189 1412 3270 plurima
1434 3190 1536 3271 opera
1555 3189 1657 3253 virtu-

301 3325 373 3379 tum
390 3324 423 3378 et
435 3314 618 3386 destruens,
632 3320 683 3375 est
696 3309 866 3393 pluralitas
881 3308 1100 3384 ecclesiarum,
1115 3328 1173 3371 seu
1188 3309 1517 3398 praebendarum,-seu
1533 3309 1656 3373 officio-

302 3456 394 3513 rum;
418 3433 539 3516 legitur
559 3433 647 3496 enim
669 3432 711 3494 de
733 3430 853 3511 Moyse
871 3428 962 3512 quod
984 3429 1149 3492 Dominus
1169 3428 1279 3493 divisit
1299 3449 1382 3492 onus
1402 3429 1472 3512 ejus
1492 3431 1525 3493 in
1547 3429 1657 3512 plures

300 3558 407 3620 bonos
433 3564 467 3620 et
493 3554 634 3618 scientes
659 3551 876 3631 coadjutores,
903 3559 940 3613 ut
966 3568 1067 3632 opera
1097 3549 1161 3612 Dei
1188 3549 1366 3632 perfeccius
1393 3559 1427 3614 et
1455 3549 1572 3613 melius
1597 3569 1656 3632 per

300 3677 410 3761 plures
432 3676 598 3759 operarios
623 3693 718 3737 veros
741 3671 932 3754 perficeret3
964 3680 997 3733 et
1020 3670 1174 3733 dominus
1196 3671 1309 3749 vineae,
1333 3670 1475 3734 Matthei
1497 3669 1655 3733 vicesimo

300 3797 456 3881 capitulo,
481 3796 570 3859 misit
596 3793 706 3876 plures
729 3791 896 3876 operarios
921 3790 953 3852 in
978 3790 1108 3854 vineam
1133 3810 1237 3869 suam,
1261 3799 1295 3854 et
1320 3811 1385 3853 non
1409 3811 1511 3853 unum
1537 3810 1654 3871 opera-

300 3920 383 3983 rium
410 3920 453 3982 ad
478 3917 681 4000 operandum
709 3914 742 3976 in
766 3912 902 3976 diversis
925 3912 1037 3989 vineis,
1062 3913 1140 3994 quia
1163 3912 1210 3975 sic
1234 3930 1318 3992 opus
1342 3920 1428 3974 esset
1451 3910 1654 3974 diminutum

299 4050 334 4105 et
350 4038 580 4122 imperfectum
597 4044 630 4100 et
651 4036 684 4097 in
705 4034 853 4116 pluribus
874 4032 954 4096 locis
969 4033 1138 4095 vinearum
1154 4032 1389 4095 detrimentum
1409 4040 1545 4114 propter
1559 4051 1653 4094 suam

299 4161 535 4245 impotenciam
552 4168 586 4223 et
601 4156 788 4221 desectum:
812 4155 887 4218 ideo
904 4153 1068 4216 Dominus
1083 4152 1232 4217 Actuum
1252 4152 1326 4233 xiij⁰
1341 4152 1435 4230 dixit,
1452 4151 1654 4235 ‘Segregate

300 4284 398 4347 michi
423 4280 562 4345 Paulum
586 4289 620 4343 et
644 4278 829 4341 Bamabam
853 4276 884 4338 in
909 4295 994 4355 opus
1017 4274 1059 4337 ad
1083 4275 1172 4356 quod
1196 4274 1358 4355 assumpsi
1382 4271 1456 4348 eos,'
1476 4273 1536 4336 i.e.
1557 4293 1654 4355 sepa·

946 4391 973 4441 K
992 4395 1009 4438 2
