3818 4904
669 442 768 500 LOCI
793 443 822 497 E
851 442 975 497 LIBRO
1011 441 1269 497 VERITATUM.
1598 452 1639 519 53

289 657 351 722 bus
374 659 564 725 coelestibus
586 663 726 726 ostensis
750 662 858 725 beatae
880 661 1039 743 Brigittae‚
1053 661 1162 723 viduae
1185 669 1219 724 et
1238 681 1369 742 sponsae
1390 660 1460 736 xri,
1477 662 1519 724 de
1540 682 1641 744 regno

289 778 433 859 Sweciae‚
456 781 548 864 cujus
571 783 641 846 vita
663 791 778 846 sancta
801 791 834 845 et
861 780 1020 844 miracula
1048 780 1142 862 plura
1167 788 1200 844 et
1225 801 1344 864 magna
1369 781 1488 845 Romae
1511 781 1642 846 fuerunt

289 899 419 982 prolata
445 901 558 966 multis
582 901 834 984 probacionibus
859 921 969 965 coram
991 920 1080 983 papa
1103 898 1261 983 Gregorio
1283 901 1343 982 xj0,
1367 912 1400 966 et
1423 923 1532 966 coram
1555 923 1643 985 papa

290 1019 429 1085 Urbano
446 1021 501 1099 60;
525 1033 560 1087 et
583 1020 637 1082 18⁰
657 1042 745 1087 anno
766 1031 842 1103 post
866 1030 1006 1084 mortem
1029 1041 1122 1084 suam
1146 1020 1208 1085 suit
1231 1022 1350 1084 Romae
1373 1023 1566 1086 canonizata
1584 1044 1644 1106 per

289 1161 412 1223 papam
436 1140 651 1206 Bonesacium
674 1142 719 1219 ix,
742 1162 829 1205 anno
853 1149 886 1204 2⁰
909 1142 960 1204 sui
979 1140 1208 1223 pontificatus3
1240 1152 1274 1205 et
1293 1141 1409 1206 habuit
1430 1153 1506 1206 octo
1525 1144 1642 1226 proles,

289 1281 429 1344 quarum
456 1270 491 1339 4·
514 1260 576 1326 suit
603 1261 726 1326 Sancta
754 1262 915 1325 Katerina
940 1262 1032 1343 virgo
1062 1262 1104 1324 de
1128 1261 1276 1338 Wasten,
1300 1261 1393 1343 cujus
1423 1274 1537 1327 sancta
1567 1284 1644 1327 ossa

291 1390 368 1444 sunt
389 1381 422 1444 in
443 1382 500 1446 illo
522 1383 721 1446 monasterio
739 1383 782 1445 de
796 1381 934 1446 Wasten
959 1382 992 1444 in
1014 1402 1115 1464 regno
1139 1381 1281 1446 Sweciae.
1326 1381 1408 1445 Tres
1428 1392 1506 1447 sunt
1521 1395 1644 1448 sanctae

291 1501 463 1565 Katerinae
484 1503 636 1585 virgines,
658 1523 702 1566 sc.
725 1503 832 1584 prima
854 1503 897 1565 de
922 1502 1040 1566 Monte
1062 1500 1199 1583 Synay3
1232 1503 1311 1564 item
1336 1502 1460 1566 Sancta
1484 1504 1645 1568 Katerina

291 1623 335 1686 de
358 1622 475 1700 Senis;
509 1631 543 1686 et
567 1621 691 1686 Sancta
713 1622 877 1685 Katerina
898 1624 941 1686 de
963 1621 1101 1685 Wasten
1122 1623 1154 1684 in
1179 1621 1313 1686 Swecia.

379 1751 412 1818 [p.
435 1751 507 1818 474]
552 1749 682 1818 ‘Super
702 1748 845 1805 flumina
866 1749 1040 1805 Babilonis
1061 1749 1133 1805 illio
1158 1748 1308 1804 sedimus
1330 1752 1365 1805 et
1385 1750 1540 1807 flevimus
1562 1751 1645 1808 dum

290 1870 550 1927 recordaremur
573 1870 687 1938 Syon,’
712 1861 883 1946 Ps⁰.136⁰.
931 1863 1000 1926 Ista
1024 1863 1125 1925 verba
1147 1862 1234 1925 dixit
1254 1862 1406 1944 populus,
1422 1865 1525 1927 tribus
1548 1865 1645 1946 Judae

207 2023 210 2026 ·
292 1993 326 2047 et
355 1983 530 2046 Beniamin
561 1991 595 2045 et
625 1982 819 2064 jerusalem,
843 1984 978 2064 quando
1008 1985 1128 2065 captivi
1158 1982 1290 2046 suerunt
1317 1984 1349 2046 in
1377 1984 1528 2047 Babiloni
1554 1987 1644 2050 ducti

291 2125 313 2167 a
341 2103 535 2185 Jerusalem.
590 2105 637 2168 Et
667 2105 880 2169 consimiliter·
913 2103 971 2167 filii
1004 2104 1148 2168 coelestis
1180 2103 1371 2185 jerusalem,
1401 2107 1646 2170 considerantes

292 2224 381 2288 mala
406 2245 482 2306 quae
511 2224 596 2289 fiunt
626 2227 659 2287 in
690 2224 881 2289 confusione
912 2224 1067 2302 ecclesie,
1096 2223 1177 2287 flent
1208 2233 1242 2287 et
1268 2224 1382 2289 dolent
1409 2227 1487 2307 quia
1516 2237 1645 2308 septem

293 2365 415 2428 magna
437 2344 533 2422 mala,
554 2355 713 2427 tanquam
737 2354 864 2427 septem
887 2344 1032 2422 flumina,
1054 2344 1271 2426 submergunt
1294 2344 1404 2426 plures
1427 2355 1460 2408 et
1483 2346 1646 2411 suffocant

292 2467 326 2528 in
346 2464 452 2547 culpis
474 2476 507 2529 et
528 2465 560 2528 in
586 2467 703 2547 poenis,
723 2486 767 2528 ex
787 2465 907 2547 quibus
927 2473 1056 2546 septem
1077 2463 1267 2527 fluminibus
1287 2464 1537 2529 innumerabilia
1557 2466 1645 2530 mala

293 2585 378 2650 sicut
401 2586 494 2649 rivuli
518 2606 538 2648 a
560 2585 750 2648 fluminibus
773 2585 963 2663 dirivantur,
986 2605 1060 2666 quae
1083 2583 1219 2647 flumina
1241 2584 1385 2665 pessima
1406 2594 1482 2648 sunt
1505 2588 1568 2649 ista
1579 2611 1631 2649 :-

380 2706 522 2788 Indigna
537 2716 571 2770 et
592 2726 734 2788 nequam
754 2708 984 2788 episcoporum
1006 2713 1169 2769 rectorum
1186 2715 1220 2769 et
1235 2704 1464 2768 officiariorum
1480 2707 1646 2771 ordinacio

291 2836 327 2890 et
350 2826 525 2901 institucio‚
549 2847 625 2908 quae
647 2836 785 2890 vocatur
806 2827 986 2909 promocio·

381 2946 478 3024 Item,
500 2947 681 3010 secundum
704 2946 828 3010 flumen
851 2957 902 3011 est
924 2946 1077 3010 absencia
1099 2946 1177 3009 boni
1202 2946 1335 3010 rectoris
1358 2966 1379 3009 a
1401 2946 1523 3029 populo
1547 2968 1647 3029 quem

295 3075 430 3150 regeret,
460 3088 535 3149 quae
565 3078 615 3132 est
650 3069 736 3131 sicut
770 3067 925 3132 absencia
955 3076 1065 3130 nautae
1096 3068 1230 3149 quando
1260 3068 1351 3129 navis
1382 3067 1584 3148 periclitatur
1614 3078 1648 3132 et

295 3187 463 3269 mergitur.

381 3307 533 3372 Tertium
570 3318 620 3372 est
653 3308 825 3390 pluralitas
862 3307 1072 3372 ecclesiarum
1108 3307 1177 3371 sive
1210 3306 1389 3371 officiorum
1423 3308 1512 3390 apud
1546 3328 1648 3371 unum

294 3428 409 3506 virum,
434 3428 467 3490 in
495 3428 614 3509 quibus
640 3430 707 3492 duo
730 3429 798 3505 viri,
822 3449 918 3510 aeque
942 3427 1070 3492 habiles
1097 3438 1134 3491 ut
1160 3428 1232 3509 ipse
1258 3436 1308 3491 est
1332 3429 1388 3509 qui
1413 3427 1516 3492 habet
1538 3427 1648 3510 plura-

294 3547 426 3611 litatem
450 3547 520 3611 sive
543 3549 610 3612 duo
633 3548 901 3630 incompatibilia,
926 3549 1033 3632 magis
1055 3547 1268 3630 spiritualiter
1289 3547 1492 3629 proficerent.

383 3667 549 3751 Quartum
570 3669 692 3732 flumen
714 3679 763 3733 est
783 3668 995 3733 ecclesiarum
1017 3669 1085 3732 sive
1106 3670 1309 3732 decimarum
1332 3667 1558 3750 appropriacio
1580 3667 1650 3731 sive

295 3790 440 3853 annexio
464 3789 529 3853 illis
551 3791 607 3872 qui
631 3811 696 3854 non
720 3799 797 3853 sunt
820 3790 924 3854 curati
947 3790 1131 3854 immediati
1154 3788 1368 3872 parochianis.

384 3909 547 3992 Quintum
579 3921 630 3975 est
657 3911 779 3974 abusus
809 3910 1029 3974 absolucionis
1055 3910 1089 3974 in
1114 3909 1186 3974 foro
1211 3910 1341 3984 animae,
1368 3907 1524 3972 vocaliter
1553 3908 1649 3974 iactae

296 4051 317 4094 a
338 4031 520 4109 sacerdote,
544 4051 609 4095 non
636 4032 750 4095 debito
778 4031 887 4110 modo,
911 4051 971 4094 nec
996 4052 1073 4095 vere
1098 4031 1282 4113 poenitenti,
1308 4049 1366 4093 nec
1391 4049 1468 4092 vere
1492 4050 1651 4093 converso

296 4144 494 4235 a'peccatis.

317 4341 338 4355 ,,
386 4270 540 4351 Sextum,
554 4273 678 4337 abusus
702 4273 920 4355 indulgenciae
944 4293 1109 4337 concessae
1132 4273 1174 4336 ab
1196 4272 1385 4336 hominibus
1409 4272 1467 4334 sed
1491 4292 1556 4335 non
1575 4291 1651 4335 vere
