3818 4904
692 432 792 487 LOCI
816 431 846 484 Ε
875 431 1000 486 LIBRO
1034 433 1294 489 VERITATUM.
1615 441 1675 504 129

317 642 382 704 illae
413 643 550 707 talliatae
578 655 672 708 erunt
702 646 735 707 in
766 645 865 708 feodo
895 646 1037 727 simplici
1066 647 1136 709 viro
1163 647 1208 708 illi
1234 648 1290 728 qui
1321 646 1484 710 mutuavit
1510 646 1676 728 pecunias,

317 773 352 826 et
369 763 476 828 haeres
496 765 548 829 cui
571 775 667 829 terrae
686 765 824 829 talliatae
847 767 913 830 sint
932 767 979 829 sic
1002 766 1123 847 injuste
1147 767 1336 831 excluditur
1353 789 1374 831 a
1393 787 1453 829 sua
1470 766 1675 830 haereditate.

318 884 398 947 ‘Vae
423 883 486 949 illi!
518 906 577 968 per
600 906 700 968 quem
724 886 918 950 scandalum
936 885 1044 964 venit,’
1070 888 1089 950 i.
1102 908 1131 950 e.
1156 887 1285 951 occasio
1307 887 1392 951 tanti
1420 886 1507 965 mali,
1534 897 1571 950 ut
1596 907 1676 951 exe·

317 1015 438 1086 quatur
463 1006 591 1070 talliare
621 1017 734 1081 terras,
767 1018 800 1071 et
827 1007 1000 1070 dominum
1029 1007 1087 1088 qui
1118 1017 1169 1070 est
1200 1008 1232 1069 in
1263 1007 1362 1070 feodo
1392 1006 1533 1088 simplici
1563 1017 1676 1083 terras,

317 1145 400 1206 quas
431 1126 501 1208 ipse
532 1127 634 1190 habet
665 1128 736 1190 sine
766 1128 965 1205 conditione,
991 1128 1071 1190 dare
1101 1147 1176 1191 cum
1204 1127 1406 1205 condicione,
1429 1127 1554 1192 scilicet
1585 1127 1675 1208 quod

317 1248 401 1312 tales
424 1258 458 1311 et
480 1249 564 1312 tales
587 1247 734 1312 habeant
756 1257 833 1329 post
856 1268 932 1310 eum
955 1258 1059 1311 terras
1083 1248 1166 1310 illas.

404 1379 441 1445 [p.
468 1378 519 1445 14.]
564 1369 825 1451 Exposicionem
848 1370 1006 1451 scriptam
1030 1390 1130 1432 manu
1154 1372 1286 1451 propria
1311 1370 1413 1452 ipsius
1434 1371 1560 1434 domini
1584 1370 1676 1452 Lyn·

317 1491 479 1554 coniensis
516 1490 662 1553 doctoris
699 1489 839 1552 Roberti
878 1488 1096 1567 Grosseteste,
1132 1509 1194 1571 ego
1224 1490 1374 1553 Thomas
1408 1489 1603 1573 Gascoigne,
1643 1490 1683 1552 in-

317 1611 520 1675 Eboracensi
551 1610 674 1674 diocesi
706 1610 738 1673 in
770 1610 895 1691 Anglia
926 1620 1031 1688 natus
1060 1611 1128 1674 vidi
1160 1610 1314 1689 Oxoniae,
1345 1632 1432 1674 anno
1463 1612 1600 1674 Domini
1628 1608 1704 1674 m⁰'

317 1739 406 1797 cccc⁰
434 1732 582 1813 xxxiiij⁰‚
605 1733 740 1815 quando
771 1732 879 1813 incepi
905 1733 1088 1796 secundum
1110 1731 1252 1795 sormam
1277 1732 1403 1796 tabulae
1430 1742 1465 1796 et
1494 1732 1677 1796 secundum

316 1854 467 1916 ordinem
484 1853 652 1917 literarum
668 1853 838 1935 alphabeti
859 1852 979 1915 librum
1002 1872 1059 1915 seu
1079 1853 1237 1933 scriptum
1253 1854 1296 1915 de
1314 1852 1510 1917 veritatibus
1531 1852 1677 1917 collectis

317 1994 361 2037 ex
382 1994 476 2037 sacra
498 1975 659 2056 scriptura
682 1984 716 2037 et
739 1995 784 2037 ex
807 1975 937 2055 scriptis
958 1983 1150 2037 sanctorum
1174 1983 1207 2036 et
1230 1973 1415 2037 doctorum.

404 2104 441 2170 [p.
470 2103 519 2167 ra]
565 2102 729 2159 Licentia.
786 2094 823 2158 Si
856 2094 942 2157 sorte
971 2095 1063 2169 dicis,
1094 2094 1185 2176 Papa
1216 2093 1389 2156 Romanus
1425 2095 1586 2158 concessit
1615 2094 1677 2158 tibi

316 2216 484 2280 licentiam
506 2215 630 2297 aliquid
653 2215 794 2279 faciendi
818 2215 871 2277 vcl
900 2235 966 2278 non
993 2214 1146 2291 faciendi,
1173 2235 1231 2277 seu
1259 2215 1301 2278 ad
1325 2215 1449 2296 aliquid
1476 2215 1677 2293 habendum,

315 2338 406 2419 quod
437 2338 615 2400 desideras.
671 2335 915 2416 Respondetur,
941 2336 1052 2416 potius
1083 2335 1359 2399 considerandum
1383 2345 1433 2398 est
1463 2335 1555 2412 illud,
1586 2337 1676 2418 quod

316 2479 404 2540 papa
425 2457 486 2522 tibi
511 2459 674 2521 concessit
694 2477 795 2539 quam
819 2457 892 2539 quis
916 2456 996 2520 illud
1010 2457 1081 2521 ‘tibi
1105 2458 1275 2534 concessit,
1292 2466 1325 2520 et
1349 2477 1436 2538 papa
1457 2467 1568 2539 potest
1590 2457 1676 2520 male

317 2589 351 2642 et
374 2600 508 2643 erronee
533 2579 708 2655 informari,
725 2588 759 2641 et
783 2579 828 2643 sic
852 2579 1002 2662 ignorare
1021 2579 1196 2642 veritatem
1217 2587 1251 2641 et
1272 2599 1379 2642 errare
1400 2580 1433 2640 in
1454 2579 1677 2656 concedendo,

315 2711 350 2764 et
376 2701 452 2764 ideo
479 2702 612 2775 diceret,
636 2701 720 2764 sicut
746 2699 834 2762 dixit
857 2699 1001 2763 Sanctus
1024 2698 1139 2764 Petrus
1162 2710 1196 2763 et
1222 2701 1333 2763 caeteri
1359 2699 1502 2780 apostoli
1525 2698 1677 2767 Actuum

316 2824 424 2904 primo
447 2830 534 2904 cap⁰.
556 2867 562 2879 .
581 2869 587 2884 .
605 2872 612 2886 .
629 2823 709 2900 ‘Tu,
733 2821 888 2899 Domine,
910 2820 967 2902 qui
990 2822 1098 2898 corda,
1121 2817 1194 2885 etc.’

403 2954 436 3021 [p.
466 2953 517 3021 ¹9·l
564 2943 790 3007 Consimiliter
820 2943 1098 3005 considerandum
1125 2953 1176 3006 est
1207 2944 1327 3024 potius,
1354 2964 1429 3026 quae
1459 2965 1548 3026 papa
1575 2943 1676 3010 vellet

315 3066 358 3129 ad
383 3067 524 3130 salutem
549 3067 734 3129 animarum
759 3075 792 3129 et
820 3066 863 3128 ad
889 3064 1016 3127 cultum
1041 3065 1105 3127 Dei
1132 3064 1426 3147 augmentandum,
1451 3067 1569 3149 potiuS,
1590 3067 1674 3141 dico,

315 3197 366 3252 est
388 3188 451 3252 hoc
475 3188 763 3262 considerandum,
780 3208 881 3268 quam
905 3187 984 3268 quid
999 3186 1080 3250 vult.
1121 3185 1258 3267 Cogitur
1275 3187 1362 3250 enim
1383 3187 1505 3268 pluries
1521 3188 1676 3252 dominus

316 3329 403 3391 papa
428 3320 462 3374 et
490 3310 600 3372 nimiis
627 3309 793 3372 instantiis
818 3328 942 3389 regum,
969 3318 1002 3370 et
1029 3307 1248 3383 dominorum,
1277 3317 1311 3371 et
1335 3328 1425 3389 saepe
1449 3308 1674 3384 cardinalium,

315 3440 349 3494 et
373 3430 674 3508 referendariorum,
690 3430 784 3512 plura
802 3430 983 3493 concedere
1005 3449 1081 3511 quae
1100 3449 1166 3492 non
1184 3426 1314 3510 judicat
1335 3450 1379 3492 ex
1400 3432 1562 3513 scriptura
1583 3451 1675 3494 sacra

316 3572 376 3614 nec
400 3573 444 3615 ex
468 3553 597 3615 racione
622 3572 712 3615 mera
735 3550 804 3614 fore
827 3550 1049 3628 concedenda,
1072 3571 1133 3614 nec
1156 3550 1268 3614 divino
1288 3551 1412 3632 judicio
1435 3572 1589 3616 consona.

403 3681 437 3748 [p.
455 3681 507 3746 πα]
552 3673 583 3737 O
606 3674 752 3736 Domine
773 3673 886 3736 Deus!
911 3673 1056 3735 concede
1079 3682 1116 3735 ut
1139 3673 1278 3736 vicarius
1299 3683 1384 3751 tuus,
1400 3673 1553 3735 dominus
1576 3692 1673 3755 papa,

315 3794 428 3857 videat
455 3804 537 3876 quot
563 3815 684 3878 magna
709 3795 797 3857 mala
824 3804 1008 3877 sequuntur
1034 3795 1068 3856 in
1093 3795 1241 3876 pluribus
1266 3795 1346 3858 locis
1373 3805 1406 3858 et
1433 3794 1599 3858 abbathiis
1629 3816 1673 3859 ex

315 3917 495 3999 privilegiis
529 3917 576 3981 eis
609 3917 782 3993 concessis,
814 3924 847 3977 et
882 3915 1031 3993 licentiis,
1062 3926 1096 3979 et
1127 3919 1292 3998 praecipue
1323 3920 1355 3980 in
1386 3916 1532 3981 ecclesiis
1561 3917 1674 3982 cathe-

315 4038 470 4112 dralibus,
495 4037 673 4120 inquibus
699 4038 817 4101 decani
841 4046 875 4100 et
897 4038 1116 4120 praebendarii
1141 4059 1207 4102 non
1234 4039 1394 4103 obediunt
1420 4042 1578 4122 episcopo
1605 4061 1673 4119 suo,

316 4179 378 4223 nec
404 4181 464 4242 per
494 4180 571 4222 eum
597 4160 714 4223 volunt
739 4159 873 4233 visitari,
906 4180 966 4224 nec
993 4161 1120 4244 corrigi,
1143 4161 1327 4244 allegantes
1358 4183 1453 4224 usum
1484 4183 1673 4244 perversum

316 4282 349 4343 in
391 4282 591 4345 contrarium
631 4280 731 4347 fuisse
776 4282 968 4360 admissum,
1012 4292 1046 4346 et
1092 4284 1193 4348 etiam
1234 4285 1405 4367 privilegia
1449 4285 1582 4368 papalia
1627 4287 1674 4360 eis

984 4400 1001 4448 s
