3818 4904
305 395 347 464 52
503 381 507 385 ’
680 393 780 451 roc!
805 396 834 450 a
863 396 987 452 alano
1022 397 1283 454 VERITATUM.

306 607 468 691 episcopis
498 609 532 671 in
563 609 660 673 curiis
690 631 814 688 eorum,
846 622 879 676 et
910 613 943 675 in
976 615 1072 677 curiis
1105 615 1315 678 dominorum
1345 634 1403 677 seu
1435 623 1660 696 patronorum,

306 731 392 795 sicut
421 727 594 811 episcopus
626 730 804 794 modernus
834 731 1053 796 Eboracensis
1082 733 1270 797 Willelmus
1300 731 1400 808 Ruth,
1430 732 1487 814 qui
1521 751 1581 795 nec
1611 741 1663 795 est

306 850 414 913 bonus
440 848 684 931 grammaticus,
708 870 768 913 nec
795 850 999 930 scientificus,
1023 873 1083 917 nec
1109 854 1273 917 virtuosus
1301 862 1480 934 reputatus,
1506 873 1566 916 nec
1588 872 1663 933 gra·

307 971 437 1048 duatus,
459 971 517 1033 sed
540 969 657 1051 legista
675 970 758 1051 juris
781 973 881 1053 regni,
904 974 960 1054 qui
983 972 1109 1037 confert
1131 973 1290 1038 beneficia
1313 984 1346 1037 et
1369 974 1564 1067 praebendas
1588 993 1662 1055 pes-

307 1092 392 1155 sime
418 1090 527 1173 pueris
553 1099 587 1154 et
609 1090 795 1172 juvenibus,
824 1093 880 1174 qui
907 1113 972 1156 non
1000 1093 1063 1158 fuit
1089 1094 1213 1158 electus
1241 1096 1275 1157 in
1302 1095 1493 1177 episcopum
1521 1094 1662 1157 Eboraci

308 1232 369 1296 per
384 1211 566 1295 capitulum
582 1212 727 1275 ecclesiae
743 1212 942 1278 cathedralis
958 1214 1185 1291 Eboracensis,
1198 1217 1257 1279 sed
1272 1214 1409 1279 licencia
1424 1217 1510 1297 regis
1527 1214 1662 1278 Henrici

309 1333 408 1399 Sexti
440 1333 563 1415 recepit
592 1333 811 1415 provisionem
843 1334 996 1398 Nicholai
1024 1337 1143 1418 quinti.
1191 1336 1282 1418 Papa
1311 1337 1400 1399 enim
1428 1336 1600 1399 Romanus
1630 1334 1664 1397 in

307 1455 426 1519 diebus
446 1455 518 1519 istis
539 1464 647 1518 cassat
665 1475 781 1518 omnes
800 1455 980 1520 elecciones
996 1457 1196 1539 dignitatum
1214 1455 1415 1539 eligibilium,
1432 1465 1466 1519 et
1484 1456 1557 1518 illas
1580 1454 1664 1519 elec·

309 1577 420 1642 ciones
449 1585 594 1640 reservat
623 1576 685 1639 sibi
718 1577 790 1658 ipsi,
821 1586 854 1640 et
889 1577 956 1639 suis
991 1578 1221 1656 cardinalibus,
1251 1588 1284 1642 et
1318 1597 1411 1641 suam
1441 1577 1664 1661 provisionem

308 1708 406 1763 vocat
429 1697 626 1762 eleccionem
653 1718 766 1774 suam3
797 1699 843 1761 sic
868 1699 958 1779 quod
982 1698 1045 1762 tria
1070 1699 1133 1762 ista
1159 1697 1283 1762 iaciunt
1304 1699 1473 1762 hominem
1493 1697 1565 1780 jam
1592 1719 1665 1761 esse

306 1820 500 1903 episcopum
522 1819 555 1880 in
580 1817 902 1901 Anglia-voluntas
925 1819 1011 1901 regis
1032 1818 1176 1901 Angliae,
1197 1819 1351 1884 voluntas
1374 1840 1471 1902 papae
1493 1818 1545 1883 vel
1566 1818 1665 1883 curiae

310 1938 484 2017 Romanae,
500 1949 533 2003 et
553 1939 701 2021 pecuniae
724 1938 758 2001 in
778 1939 1012 2003 habundancia
1032 1940 1150 2004 solutae
1166 1942 1263 2005 curiae
1285 1941 1457 2019 Romanae,
1473 1961 1518 2004 sc.
1534 1939 1665 2004 diversa

309 2059 401 2123 milia
429 2059 586 2122 librarum
615 2058 814 2141 Anglicanae
845 2069 987 2123 monetae
1016 2060 1134 2124 solutae
1163 2062 1216 2126 hic
1248 2063 1280 2124 in
1307 2062 1433 2143 Anglia
1463 2060 1663 2125 Lumbardis

308 2200 370 2264 pro
397 2181 537 2256 cambio,
564 2181 655 2264 quod
682 2182 885 2262 depauperat
913 2201 1059 2263 regnum.
1105 2183 1144 2245 In
1171 2183 1310 2247 concilio
1336 2181 1482 2266 generali
1510 2182 1611 2257 Deus,
1636 2181 1664 2243 si

308 2302 372 2366 sibi
391 2300 530 2385 placeat,
544 2302 605 2365 det
625 2303 817 2375 remedium,
833 2300 885 2365 vel
906 2321 965 2384 per
983 2302 1248 2384 appellacionem
1270 2302 1354 2385 regis
1376 2312 1409 2366 et
1428 2302 1519 2384 regni
1536 2322 1557 2365 a
1576 2321 1666 2383 papa

309 2423 352 2487 ad
381 2422 558 2486 concilium
587 2422 750 2506 generale.
804 2421 990 2486 Concilium
1021 2424 1109 2486 enim
1139 2424 1328 2502 Basiliense,
1355 2424 1444 2506 quod
1471 2422 1534 2486 suit
1559 2431 1667 2486 trans-

309 2542 414 2608 latum
448 2543 615 2620 Ferraria,
647 2553 681 2608 et
717 2552 835 2625 postea
869 2543 912 2605 ad
946 2542 1164 2619 Florenciam‚
1195 2545 1311 2607 statuit
1348 2551 1382 2607 et
1416 2541 1580 2607 ordinavit
1615 2563 1665 2606 re·

311 2664 457 2727 medium
486 2672 602 2727 contra
628 2663 692 2728 ista
721 2673 854 2740 annata‚
877 2684 953 2745 quae
982 2663 1118 2745 Anglici
1143 2673 1264 2727 vocant
1291 2663 1416 2745 primos
1441 2662 1566 2726 fructus
1596 2663 1669 2746 epi-.

309 2793 515 2866 scopatuum,
539 2784 597 2848 sed
627 2783 707 2847 illud
738 2783 920 2847 remedium
947 2803 1012 2846 non
1042 2783 1186 2847 vidimus
1216 2793 1434 2860 exsecutum3
1465 2803 1509 2846 an
1536 2783 1580 2847 sit
1604 2803 1667 2846 ex-

310 2912 461 2968 secutum
481 2904 515 2967 in
536 2903 676 2967 Francia
696 2904 816 2968 nescio.
862 2903 912 2969 ‘O
930 2904 1031 2982 Deus,
1051 2904 1177 2986 respice
1196 2904 1239 2968 de
1260 2903 1345 2968 coelo
1365 2912 1399 2967 et
1418 2903 1494 2967 vide
1514 2912 1549 2966 et
1567 2903 1666 2967 visita

310 3026 441 3089 vineam
467 3024 613 3089 ecclesiae
640 3024 724 3102 tuae‚’
747 3024 815 3089 Ps⁰.
837 3031 913 3108 79⁰3
944 3023 1119 3107 singularis
1143 3025 1230 3087 ierus
1252 3023 1450 3088 insaciabilis
1475 3024 1665 3106 cupiditatis

310 3146 470 3229 depastus
496 3154 547 3209 est
574 3165 657 3221 eam,
685 3155 718 3209 et
744 3145 886 3209 vastavit
912 3166 997 3222 eam,
1024 3165 1045 3208 a
1072 3144 1220 3228 pluribus
1246 3144 1342 3208 bonis
1368 3154 1402 3208 et
1427 3143 1604 3208 virtutibus
1630 3152 1665 3209 et

310 3264 408 3331 donis
429 3266 504 3345 tuis,
527 3266 690 3330 Domine!

397 3396 435 3463 [p.
450 3395 523 3464 439]
567 3387 655 3450 Novi
683 3387 771 3450 enim
794 3388 947 3450 doctores
968 3386 1007 3449 'in
1028 3385 1197 3469 theologia
1221 3385 1278 3467 qui
1300 3384 1431 3449 luerunt
1457 3385 1576 3448 maturi
1605 3385 1665 3449 viri

309 3507 343 3572 in
366 3517 467 3572 aetate
496 3516 530 3571 et
556 3506 741 3572 cancellarii
766 3507 920 3583 Oxoniae,
944 3516 978 3570 et
1005 3526 1176 3589 nunquam
1202 3506 1236 3569 in
1261 3506 1331 3570 vita
1357 3526 1470 3569 eorum
1493 3526 1555 3569 nec
1579 3506 1665 3589 epis·

308 3639 466 3712 copatum
490 3648 550 3692 nec
576 3628 790 3710 praebendam
816 3628 1015 3706 obtulerunt,
1042 3636 1184 3709 excepto
1208 3648 1275 3689 uno
1302 3625 1465 3709 episcopo,
1490 3625 1546 3708 qui
1571 3624 1666 3690 dedit

308 3750 364 3813 uni
394 3769 508 3814 eorum
538 3748 752 3832 praebendam
784 3759 860 3813 octo
886 3769 1078 3813 marcarum.
1133 3747 1220 3810 Item
1247 3746 1322 3809 novi
1348 3745 1437 3828 quod
1467 3754 1545 3809 tunc
1571 3745 1664 3828 pueri

308 3869 440 3935 suerunt
459 3870 570 3953 magni
586 3869 806 3934 archidiaconi
826 3881 860 3935 et
878 3870 982 3934 eciam
997 3869 1140 3952 promoti
1160 3869 1203 3931 ad
1223 3888 1361 3950 magnas
1376 3865 1593 3950 praebendas;
1616 3867 1665 3930 ita

308 3993 398 4073 quod
425 3992 500 4055 novi
524 3991 614 4073 quod
639 4012 722 4055 unus
744 4012 827 4074 puer
853 4000 886 4055 et
909 3991 1029 4055 stultus
1051 3989 1168 4054 habuit
1190 3988 1495 4053 archidiaconatum
1518 3985 1666 4056 Oxoniae

307 4119 341 4175 et
363 4111 410 4174 xii
434 4112 630 4194 praebendas
651 4113 756 4176 eciam
779 4133 855 4176 cum
877 4113 951 4176 hoc.
999 4111 1096 4175 Heu!
1124 4109 1208 4174 heu!
1239 4109 1323 4173 heul
1357 4108 1504 4172 Domine
1527 4106 1639 4170 Deus!

392 4241 429 4308 [p.
452 4241 523 4309 4⁶5·]
567 4239 751 4310 Expoaioio
771 4239 956 4309 scriptura
980 4241 1102 4297 saorae.
1151 4233 1243 4296 Nota
1265 4231 1337 4294 haec
1364 4250 1424 4312 pro
1446 4227 1659 4296 revelacioni·
