3818 4904
260 424 301 470 20
635 415 733 470 LOCI
758 413 787 466 E
815 414 941 468 LIBRO
977 413 1234 468 VERITATUM.

257 648 318 710 per
350 627 610 690 subtraccionem
648 626 849 689 decimarum
880 647 899 688 a
931 634 1054 690 rectore
1083 626 1126 689 ad
1159 624 1242 687 alios
1278 632 1373 686 extra
1411 623 1610 704 parochiam.

261 748 292 812 O
320 748 464 812 Domine
492 748 608 810 Deust
643 749 732 828 aperi
755 747 867 810 oculos
892 747 1010 810 mentis
1041 747 1072 808 in
1105 745 1275 829 episcopis,
1300 755 1336 807 ut
1362 745 1498 809 videant
1529 757 1612 827 quot

160 925 164 931 .
262 891 383 952 magna
415 869 503 932 mala
532 869 602 949 jam
636 870 781 932 radicata
814 878 891 931 sunt
923 869 957 930 in
992 867 1115 949 populo
1152 877 1185 929 et
1220 867 1340 929 cotidie
1370 865 1522 947 pululant
1553 888 1611 949 per

261 992 416 1073 indignos
441 998 611 1072 promotos
639 1001 673 1053 et
700 1010 758 1071 per
789 989 1093 1072 appropriacionem
1122 989 1340 1064 ecclesiarum,
1367 988 1415 1049 ita
1437 990 1527 1070 quod
1555 1009 1613 1070 per

258 1111 444 1175 exilitatem
467 1112 573 1174 victus
596 1111 628 1172 in
653 1111 798 1174 ecclesiis
824 1109 1066 1191 parochialibus
1095 1109 1316 1192 appropriatis
1339 1108 1409 1189 jam
1440 1128 1505 1171 non
1536 1118 1613 1173 sunt

231 1242 233 1247 ’
260 1233 294 1295 in
325 1233 450 1295 eisdem
477 1233 580 1296 curati
606 1231 718 1313 aliquo
750 1232 848 1293 modo
875 1230 1003 1293 habiles
1033 1231 1075 1293 ad
1106 1250 1226 1307 curam,
1252 1230 1310 1292 sed
1341 1238 1432 1293 stant
1458 1240 1614 1293 vacantes

259 1354 344 1416 sicut
374 1373 452 1416 oves
483 1361 635 1433 patentes
666 1353 828 1414 morsibus
862 1352 1014 1434 lupomm
1038 1372 1097 1433 per
1126 1352 1315 1415 absenciam
1346 1351 1507 1414 bonorum
1538 1372 1614 1433 pas·

261 1483 380 1552 torum,
403 1473 459 1555 qui
486 1483 563 1537 sunt
589 1472 743 1536 absentes
768 1473 811 1536 ab
836 1472 981 1536 ecclesiis
1007 1493 1066 1554 per
1090 1494 1202 1536 earum
1229 1474 1536 1555 appropriacionem
1561 1472 1614 1536 vel

261 1615 320 1675 per
347 1614 413 1657 non
444 1595 659 1657 residentiam
686 1595 718 1656 in
744 1597 791 1657 eis
818 1615 892 1675 quae
919 1594 1092 1657 sufficiunt.
1140 1595 1219 1657 Istae
1243 1595 1319 1656 duae
1346 1614 1462 1670 causae,
1487 1614 1530 1658 sc.
1557 1615 1615 1676 ap-

259 1715 444 1797 propriacio
471 1715 680 1778 ecclesiarum
707 1725 741 1778 et
767 1716 902 1798 indigna
929 1717 1096 1798 promocio
1120 1717 1151 1776 in
1176 1715 1330 1792 ecclesiis
1352 1714 1483 1778 fuemnt
1507 1735 1615 1778 causae

261 1855 364 1916 quare
384 1856 443 1917 per
460 1835 601 1898 haereses
625 1837 785 1917 pessimas
808 1845 842 1899 et
865 1857 989 1899 errores
1011 1837 1155 1899 ecclesiae
1179 1846 1212 1899 et
1235 1836 1317 1900 fides
1339 1837 1516 1900 destructae
1538 1845 1616 1899 sunt

259 1955 329 2037 jam
357 1957 389 2018 in
421 1956 527 2039 Praga
556 1967 591 2021 et
618 1957 650 2019 in
682 1977 783 2038 regno
814 1956 982 2020 Bohemiae
1007 1978 1066 2039 per
1090 1958 1284 2020 instanciam
1309 1968 1343 2020 et
1368 1956 1512 2020 laborem
1538 1956 1616 2019 Pro-

262 2076 347 2157 copii
370 2076 516 2140 haeretici
541 2087 574 2140 et
598 2079 685 2140 Petri
708 2079 816 2142 vocati
841 2079 928 2141 Petri
952 2077 1097 2160 Anglici‚
1119 2078 1263 2141 haeretici
1287 2079 1450 2160 praecipui,
1475 2079 1531 2160 qui
1555 2077 1617 2141 tuit

262 2194 349 2258 filius
379 2198 473 2260 unius
500 2199 559 2261 viri
584 2199 627 2262 de
652 2196 760 2262 Gallia
787 2200 845 2262 sed
873 2210 972 2262 natus
1001 2201 1061 2262 luit
1088 2201 1120 2262 in
1145 2199 1272 2282 Anglia
1302 2221 1361 2282 per
1384 2201 1447 2263 tria
1477 2200 1616 2263 miliaria

262 2337 283 2378 a
304 2316 383 2380 villa
406 2319 449 2382 de
472 2318 687 2383 Grawntham
711 2321 743 2382 in
766 2320 845 2384 villa
869 2321 961 2402 cujus
984 2342 1105 2384 nomen
1130 2330 1179 2383 est
1204 2320 1316 2402 Hogh,
1336 2330 1369 2384 et
1392 2320 1472 2383 illud
1497 2341 1617 2384 nornen

262 2438 296 2500 in
318 2438 412 2502 boria
434 2439 569 2522 Angliae
592 2441 794 2522 significatur
815 2441 888 2516 hoc,
912 2444 1046 2505 nomine
1069 2441 1200 2518 Latino,
1219 2462 1300 2505 crus.
1346 2441 1393 2504 Et
1416 2442 1479 2504 iste
1502 2440 1618 2503 Petrus

263 2559 437 2625 haereticus
460 2563 521 2626 suit
545 2564 703 2645 magister
723 2564 847 2627 arcium
872 2562 1015 2627 Oxoniae
1038 2562 1135 2626 valde
1161 2562 1321 2626 subdolus
1347 2570 1381 2625 et
1407 2561 1533 2624 iuratus
1557 2561 1618 2624 tuit

263 2681 408 2762 sigillum
431 2703 606 2747 commune
629 2685 871 2762 UniversitatiS,
887 2685 949 2747 sub
971 2706 1038 2766 quo
1062 2685 1190 2766 scripsit
1213 2684 1376 2748 haereticis
1399 2683 1618 2765 Pragensibus

264 2802 355 2882 quod
373 2803 508 2866 Oxonia
527 2814 561 2868 et
581 2813 652 2868 tota
669 2804 795 2887 Anglia
814 2806 875 2869 suit
897 2805 974 2868 fidei
996 2807 1219 2888 Pragensium,
1235 2805 1387 2887 exceptis
1403 2804 1493 2869 salsis
1513 2804 1619 2867 fratri-

263 2921 326 2984 bus
357 2925 630 2988 mendicantibus.
678 2925 763 2989 Haec
788 2926 916 3008 scripsit
943 2924 998 2988 ille
1027 2925 1128 2989 salsus
1153 2926 1328 2989 haereticus
1354 2926 1409 3006 qui
1440 2924 1621 2988 vocabatur

266 3042 409 3106 Oxoniae
433 3044 549 3108 Petrus
572 3045 682 3110 Clerk.

323 3163 327 3169 ’
353 3162 546 3247 Superiores
577 3166 648 3248 jam
678 3168 711 3229 in
740 3167 854 3230 officiis
885 3167 1023 3232 mittunt
1050 3168 1195 3249 juniores
1226 3175 1259 3230 et
1293 3165 1454 3230 inhabiles
1486 3175 1523 3229 ut
1554 3166 1621 3230 sint

265 3285 391 3364 decani,
420 3289 649 3366 archidiaconi,
681 3297 714 3351 et
744 3289 857 3368 curati,
888 3297 922 3352 et
948 3289 1077 3370 judices
1107 3288 1230 3371 populi,
1256 3297 1392 3370 propter
1421 3287 1557 3351 divicias
1587 3295 1621 3350 et

264 3404 406 3470 honores
437 3411 623 3472 mundanos
654 3411 913 3491 consequendoS‚
944 3419 976 3473 et
1006 3409 1090 3474 tales
1115 3418 1285 3490 reportant
1315 3429 1395 3472 vasa
1422 3428 1482 3471 sua
1507 3429 1620 3486 vacua,

265 3530 399 3610 quando
423 3531 455 3592 in
479 3530 533 3593 die
557 3531 670 3594 mortis
693 3551 761 3593 suae
784 3531 943 3595 videbunt
967 3532 1093 3614 seipsos
1116 3541 1149 3594 et
1173 3531 1324 3594 subditos
1345 3551 1421 3594 suos
1443 3550 1565 3594 vacuos
1588 3530 1621 3592 in

265 3661 481 3731 conspectum
498 3653 562 3714 Dei
578 3674 598 3715 a
613 3652 709 3716 bonis
724 3653 879 3734 operibus
896 3661 929 3716 et
944 3655 987 3716 ab
1004 3654 1132 3716 actibus
1147 3653 1275 3717 debitis
1364 3666 1367 3670 ’

353 3782 388 3850 [p.
405 3782 474 3849 3²7]
508 3774 594 3836 Item
617 3774 650 3836 in
674 3774 901 3838 Universitate
919 3774 989 3855 jam
1013 3785 1090 3839 sunt
1112 3775 1223 3856 plures
1247 3773 1385 3837 admissi
1411 3771 1454 3835 ad
1481 3772 1622 3854 gradum

265 3915 325 3976 per
348 3896 522 3978 pecuniam
550 3907 583 3959 et
615 3916 681 3959 non
707 3916 767 3978 per
793 3897 917 3959 bonam
945 3897 1047 3959 vitam
1076 3886 1344 3973 nec‘scientiam
1368 3904 1401 3958 et
1432 3894 1508 3956 ideo
1536 3891 1623 3974 perit
1740 3953 1743 3958 .

266 4017 407 4080 sciencia
430 4027 465 4080 et
488 4017 669 4080 residencia
695 4017 858 4080 bonorum
889 4028 1085 4093 curatorum,
1109 4038 1186 4081 vera
1211 4017 1298 4080 enirn
1322 4015 1556 4081 habundancia
1585 4013 1623 4076 il-

267 4136 373 4199 lomm
396 4137 543 4220 inopiam
564 4122 727 4221 suppleat.

356 4259 519 4322 Dominus
544 4261 631 4323 enirn
655 4280 743 4342 papa
768 4259 827 4323 Xti
850 4261 989 4324 vicarius
1013 4262 1096 4324 bene
1123 4271 1156 4323 et
1182 4261 1347 4324 meritorie
1374 4268 1485 4342 potest
1511 4278 1624 4340 super·
