3818 4904
285 366 345 432 162
661 375 760 430 LOCI
780 375 813 475 'E
843 374 966 428 LIBRO
1002 371 1261 427 VERITATUM.

284 590 342 673 xij,
366 600 399 655 et
424 593 538 656 Petrus
561 591 603 654 de
627 589 733 665 Luna,
758 590 799 652 de
818 587 999 669 Aragonia‚
1023 588 1079 669 qui
1103 588 1243 651 vocabat
1267 608 1302 650 se
1325 587 1542 652 Benedictum
1566 587 1637 670 xiij,

284 713 342 796 qui
369 714 461 777 citati
486 712 625 786 luerunt,
651 724 688 775 ut
714 730 824 774 coram
850 718 965 773 sancto
990 718 1218 789 comparerent
1240 709 1387 787 concilio,
1408 709 1508 773 finem
1531 709 1637 791 impo-

283 834 376 897 situri
404 834 533 897 cismati
564 852 624 915 per
648 832 735 894 viam
764 838 889 893 mutuae
919 828 1086 894 cessionis.
1132 829 1209 891 Rex
1233 828 1429 912 Aragonum
1459 831 1639 895 obediebat

285 953 468 1017 Benedicto
488 951 572 1033 xiij⁰‚
598 960 636 1014 ut
663 971 759 1033 papae
785 971 844 1012 suo
873 950 992 1012 Romae
1015 947 1141 1026 electo;
1173 947 1333 1031 Gregorio
1351 949 1415 1032 xij⁰
1440 971 1537 1034 papae
1560 951 1639 1015 obe-

285 1074 400 1139 diebat
432 1073 610 1149 Robertus,
639 1091 749 1135 comes
781 1069 958 1143 Palatinus,
990 1069 1046 1151 qui
1083 1069 1214 1133 dicebat
1244 1091 1280 1133 se
1316 1092 1389 1135 esse
1424 1071 1568 1137 electum
1605 1071 1637 1135 in

286 1194 518 1276 imperatorem
544 1192 736 1255 Romanum
759 1200 869 1265 antea,
891 1201 1041 1271 tempore
1064 1189 1224 1253 Bonisacii
1248 1191 1292 1268 ix,
1318 1200 1352 1254 et
1376 1212 1442 1255 non
1466 1191 1639 1257 Wemzes·

285 1314 384 1392 laum,
412 1333 522 1395 regem
548 1312 781 1388 Bohemorum‚
811 1311 867 1392 qui
891 1310 996 1374 eciam
1021 1309 1074 1373 vel
1105 1310 1284 1392 imperator
1308 1312 1536 1376 Romanorum
1566 1333 1640 1377 esse

284 1434 397 1511 voluit,
414 1443 448 1498 et
471 1433 526 1515 qui
550 1453 585 1497 se
608 1432 743 1497 obedire
767 1430 905 1496 concilio
928 1431 1047 1494 Pisano
1069 1450 1129 1512 per
1150 1430 1287 1494 nuncios
1309 1452 1386 1495 suos
1408 1433 1559 1515 promisit
1581 1444 1639 1499 aut

284 1554 461 1619 simulavit.
508 1552 567 1615 Isti
597 1552 674 1626 duo,
702 1551 794 1614 citati
825 1551 867 1614 ad
898 1550 1073 1614 concilium
1104 1550 1269 1629 Pisanum,
1299 1572 1343 1616 sc.
1378 1551 1556 1636 Gregorius
1590 1555 1637 1637 xij

285 1684 320 1740 et
339 1672 538 1739 Benedictus
554 1673 635 1754 xiij·,
652 1671 685 1735 in
707 1670 847 1736 concilio
870 1671 928 1734 illo
948 1691 1015 1734 non
1037 1682 1300 1753 comparuerunt,
1322 1682 1356 1737 et
1381 1673 1503 1739 ibidem
1526 1677 1560 1740 in
1582 1675 1639 1740 illo

286 1795 425 1860 concilio
449 1794 568 1858 Pisano
594 1793 736 1874 depositi
760 1791 892 1855 suerunt
914 1813 935 1855 a
956 1812 1017 1855 suo
1039 1801 1173 1873 papatu,
1197 1811 1256 1873 per
1285 1797 1487 1861 sentenciam
1510 1797 1638 1862 concilii

286 1915 406 1992 Pisani,
421 1915 473 1979 cui
497 1934 563 1977 non
586 1913 811 1991 obediebant3
835 1921 869 1976 et
889 1921 978 1990 tunc,
1001 1931 1088 1976 anno
1109 1911 1245 1976 Domini
1268 1932 1358 1998 1409,
1378 1916 1502 1982 electus
1523 1918 1584 1982 suit
1607 1918 1640 1981 in

285 2055 417 2117 papam,
447 2054 506 2116 per
535 2031 710 2097 concilium
741 2033 906 2110 Pisanum,
940 2034 1058 2096 doctor
1087 2053 1189 2097 sacrae
1218 2033 1412 2118 Theologiae
1444 2037 1641 2105 Alexander

285 2156 429 2238 quintus,
456 2153 511 2235 qui
542 2161 621 2217 ante
652 2161 812 2235 papatum
838 2173 935 2216 suum
961 2152 1143 2217 vocabatur
1169 2154 1285 2218 Petrus
1307 2156 1350 2220 de
1374 2155 1512 2236 candia,
1535 2160 1640 2225 cardi·

286 2276 379 2355 nalis,
416 2276 460 2339 de
497 2274 612 2338 ordine
649 2272 787 2337 fratrum
825 2274 998 2351 minorum,
1036 2274 1088 2338 cui
1126 2274 1326 2340 obediebant
1363 2278 1488 2358 Franci,
1526 2280 1640 2365 Angli,

286 2396 459 2475 Almanni‚
492 2394 609 2468 Italici,
641 2404 675 2457 et
711 2414 811 2476 regna
846 2392 996 2477 plurima.
1049 2393 1117 2477 Qui
1152 2415 1241 2477 papa
1270 2395 1467 2464 Alexander
1497 2403 1642 2485 quintus,

285 2538 388 2600 parvo
411 2526 561 2598 tempore
584 2515 706 2591 vivens,
729 2524 806 2596 post
828 2534 923 2577 suam
947 2514 1155 2589 eleccionem,
1179 2537 1266 2580 anno
1286 2517 1422 2584 Domini
1441 2540 1534 2600 1410,
1557 2525 1642 2588 inter

285 2638 369 2701 festa
395 2636 542 2700 Pascalia
566 2645 599 2698 et
628 2634 879 2713 Pentecostalia,
895 2635 928 2698 in
953 2635 1086 2699 civitate
1111 2636 1311 2702 Bononiensi
1336 2641 1439 2721 obiit;
1462 2652 1497 2708 et
1517 2644 1641 2709 electus

285 2758 347 2822 luit
371 2757 530 2821 Bononiae
557 2768 636 2819 tunc
659 2776 717 2838 per
743 2755 925 2819 cardinales
952 2756 985 2819 in
1008 2776 1130 2838 papam
1152 2757 1327 2825 Balthasar
1350 2761 1463 2845 Cossa,
1485 2768 1641 2832 diaconus

286 2877 469 2953 cardinalis,
494 2887 528 2941 et
550 2886 687 2940 vocatus
706 2875 768 2940 suit
790 2876 960 2957 Johannes
976 2894 1027 2961 23.
1073 2879 1142 2942 Iste
1161 2880 1339 2962 Johannes,
1361 2886 1405 2949 ab
1427 2889 1508 2952 urbe
1530 2889 1642 2955 Roma

286 3000 430 3083 fugatus,
452 2999 495 3061 ad
522 2997 706 3060 Bononiam
732 3017 878 3060 reversus
906 3008 965 3074 est,
992 3009 1027 3062 et
1053 2999 1228 3063 concilium
1252 3003 1434 3070 universale
1458 3011 1564 3074 tocius
1588 3031 1641 3076 ec·

285 3120 395 3186 clesiae
421 3118 464 3183 ad
491 3118 659 3181 civitatem
686 3115 980 3182 Constanciensem
1006 3120 1049 3183 de
1075 3118 1211 3184 fratrum
1238 3143 1373 3189 suorum
1399 3128 1537 3194 concilio
1563 3151 1643 3196 con·

285 3240 437 3318 vocavit3
460 3239 671 3321 congregavit
693 3247 804 3301 autem
827 3238 1001 3304 concilium
1025 3251 1160 3324 propter
1181 3242 1351 3310 decretum
1371 3246 1480 3313 Pisani
1503 3253 1642 3332 concilii,

286 3364 320 3427 in
344 3383 411 3445 quo
433 3361 621 3425 ordinatum
646 3359 706 3423 luit
731 3360 821 3441 quod
846 3381 995 3424 summus
1018 3362 1179 3445 pontilex,
1202 3385 1262 3447 pro
1284 3368 1488 3452 extirpandis
1510 3372 1643 3439 haeresi·

287 3485 358 3562 bus,
382 3481 489 3558 sectis,
514 3490 547 3545 et
571 3482 742 3556 erroribus,
767 3488 801 3544 et
825 3481 898 3544 aliis
923 3482 1185 3562 necessitatibus,
1204 3495 1295 3551 certo
1315 3495 1467 3572 tempore
1487 3493 1642 3575 generale

287 3605 425 3668 deberet
445 3601 620 3667 concilium
644 3600 820 3665 celebrare.
853 3600 1040 3666 Concilium
1060 3614 1173 3668 autem
1190 3604 1450 3676 Constanciense
1470 3616 1642 3681 convocari

287 3725 365 3791 fecit
395 3744 482 3806 papa
511 3721 682 3804 Johannes
709 3739 749 3806 23
779 3742 867 3785 anno
897 3722 1035 3787 Domini
1067 3743 1159 3804 1414,
1189 3736 1227 3791 ut
1259 3728 1302 3792 ad
1332 3730 1455 3797 festum
1481 3733 1641 3800 Omnium

289 3845 488 3910 Sanctorum
515 3842 665 3926 ejusdem
689 3844 767 3908 anni
791 3864 907 3907 omnes
931 3844 1060 3926 praelati
1083 3856 1117 3911 et
1140 3847 1206 3923 alii,
1230 3869 1370 3931 quorum
1396 3853 1540 3937 interest,
1564 3856 1643 3922 illuc

287 3967 491 4039 accederent,
516 3975 551 4029 et
577 3965 620 4030 ad
652 3964 751 4028 finem
779 3965 889 4046 ipsius,
914 3977 951 4030 ut
979 3978 1030 4031 est
1060 3979 1255 4034 consuetum
1285 3980 1320 4035 et
1349 3973 1484 4040 solitum
1514 3997 1642 4042 reman-

289 4096 403 4163 erent;
441 4097 475 4150 et
514 4086 560 4149 sic
593 4095 817 4150 convenerunt
851 4087 894 4150 ad
936 4088 1111 4152 concilium
1148 4089 1407 4159 Constanciense
1441 4097 1569 4180 praelati
1608 4106 1642 4163 et

288 4209 442 4272 doctores
472 4215 506 4270 et
535 4207 645 4289 plures
678 4207 743 4285 alii,
775 4205 989 4288 Sigismundo
1019 4209 1108 4274 bono
1138 4220 1217 4277 tunc
1247 4213 1414 4281 existente
1444 4218 1643 4302 imperatore
