3818 4904
652 437 750 492 coc!
776 435 804 490 E
835 436 958 490 alano
994 419 1253 490 verrinarum.
1589 445 1628 516 37

276 649 382 732 xxviij
418 650 485 715 iere
517 670 621 714 annos
658 653 691 714 ln
727 651 846 732 quibus
883 651 976 714 stetit
1010 649 1276 732 archiepiscopus
1314 650 1533 714 Eboracensis
1569 652 1630 720 iuit

276 771 425 834 totaliter
448 772 568 835 absens
588 793 608 834 a
633 792 691 834 sua
715 770 847 847 diocesi,
865 790 1002 833 manens
1027 770 1209 832 Londoniis
1232 770 1284 832 vel
1311 770 1344 831 in
1369 769 1500 848 Cancia,
1520 771 1573 835 vel
1597 772 1630 836 in

275 890 348 953 aliis
375 890 455 955 locis
481 894 515 955 in
541 891 667 974 Anglia
695 893 830 954 remotis
856 911 876 953 a
901 910 960 953 sua
986 890 1108 953 diocesi
1139 890 1350 966 Eboracensi‚
1373 900 1518 972 excepto
1539 895 1630 974 quod
1662 952 1666 957 .

276 1010 455 1091 aliquando
474 1012 580 1075 semel
605 1013 637 1074 in
661 1012 776 1075 decem
791 1011 842 1073 vel
866 1013 899 1073 in
920 1010 1095 1072 duodecim
1112 1011 1207 1072 annis
1230 1012 1351 1073 mansit
1373 1011 1406 1073 in
1427 1030 1486 1074 sua
1509 1013 1629 1077 diocesi

278 1129 480 1194 Eboracensi
496 1153 555 1214 per
575 1133 659 1196 duas
678 1133 815 1195 veltres
834 1133 1045 1212 septimanas,
1061 1131 1173 1211 paucis
1188 1130 1305 1193 diebus
1320 1131 1371 1193 vel
1391 1131 1489 1194 nullis
1510 1131 1632 1198 mansit

277 1251 309 1312 in
332 1250 494 1330 Eboraco‚
510 1263 543 1316 et
568 1255 601 1315 in
626 1262 776 1334 tempore
798 1272 859 1313 suo
885 1251 1048 1334 palacium
1072 1249 1309 1332 archiepiscopi
1333 1251 1551 1315 Eboracensis
1574 1254 1631 1318 de-

277 1370 355 1434 fecit
378 1381 411 1435 et
432 1372 499 1435 sere
519 1373 562 1435 ad
588 1372 695 1435 solum
721 1373 846 1449 ruebat,
863 1379 897 1433 et
919 1374 1026 1452 ipsum
1052 1370 1217 1452 palacium
1239 1372 1311 1451 ipso
1338 1371 1504 1436 existente
1527 1372 1632 1436 archi·

276 1491 434 1574 episcopo
460 1469 654 1575 reparatum
675 1513 741 1555 non
768 1491 839 1565 fuit,
867 1500 900 1555 et
927 1492 960 1553 in
987 1510 1114 1553 recessu
1145 1510 1204 1552 suo
1234 1490 1277 1552 ab
1309 1491 1471 1568 Eboraco,
1498 1495 1632 1574 quando

277 1630 337 1673 rex
353 1610 488 1712 Angliae
509 1613 673 1677 Henricus
689 1613 815 1678 Sextus
836 1622 870 1675 et
893 1612 964 1673 dux
987 1607 1248 1674 Summersettiae
1266 1610 1464 1674 Edmundus
1486 1611 1633 1681 fecerunt

276 1751 353 1794 eum
388 1733 671 1816 archiepiscopum
704 1734 986 1809 Cantuariensem‚
1018 1731 1149 1812 reliquit
1180 1730 1350 1794 ecclesiam
1381 1750 1475 1795 suam
1508 1732 1632 1797 Ebora-

275 1852 409 1916 c'ensem
441 1855 475 1916 in
506 1872 630 1936 magna
660 1854 919 1935 perturbacione,
950 1853 1020 1915 sine
1058 1849 1225 1923 remedi03
1263 1859 1339 1932 post
1373 1861 1513 1916 mortem
1544 1855 1632 1916 enim

277 1973 394 2036 decani
420 1971 646 2051 Eboracensis¹
670 1973 783 2037 Feltar
804 1974 946 2050 nomine,
967 1971 1114 2036 canonici
1138 1971 1284 2035 ecclesiae
1311 1972 1447 2053 pacifice
1472 1974 1633 2057 eligerunt

277 2091 527 2176 Bermyngham
564 2095 596 2156 in
628 2094 791 2157 decanum
822 2113 917 2156 suum
950 2092 1204 2168 Eboracensem‚
1232 2100 1265 2154 et
1295 2092 1327 2154 in
1363 2100 1513 2174 tempore
1548 2081 1633 2158 elecss

277 2213 382 2276 cionis
409 2212 443 2276 in
466 2214 611 2296 capitulo
635 2214 702 2276 duo
727 2214 803 2277 mali
832 2212 980 2276 canonici
1005 2212 1145 2275 Eboraci
1173 2222 1207 2275 et
1229 2214 1317 2293 prior
1344 2211 1457 2276 Sancti
1486 2213 1632 2283 Oswaldi

276 2332 440 2416 eligerunt
463 2343 559 2397 extra
586 2334 766 2416 capitulum
792 2333 890 2414 juxta
915 2333 1105 2415 ymaginem
1136 2333 1240 2395 sancti
1267 2331 1457 2396 Christoferi
1481 2334 1513 2397 in
1536 2334 1633 2399 deca·

277 2473 357 2516 num
383 2453 530 2518 ecclesiae
555 2454 774 2518 Eboracensis
804 2455 999 2535 magistrum
1031 2452 1211 2516 Ricardum
1242 2451 1391 2514 Andrew
1420 2455 1632 2517 secretarium

277 2575 363 2656 regis
400 2574 534 2638 Henrici
570 2573 676 2651 Sexti,
714 2582 748 2639 et
781 2573 867 2638 iacta
900 2569 1128 2655 appellacione
1162 2592 1221 2653 per
1253 2569 1327 2635 illos
1360 2581 1428 2636 tres
1460 2572 1634 2638 canonicos

277 2702 394 2758 contra
421 2693 620 2757 eleccionem
643 2714 755 2756 veram
786 2692 1035 2774 Bermyngham
1068 2692 1188 2756 factam
1221 2693 1253 2754 in
1277 2692 1431 2774 capitulo,
1455 2714 1514 2756 rex
1540 2692 1634 2758 Hen-

278 2815 364 2878 ricus
381 2814 507 2879 Sextus
529 2815 622 2877 illum
642 2814 833 2889 Ricardum,
850 2812 907 2895 qui
926 2813 987 2876 suit
1010 2814 1154 2894 pessime
1176 2822 1210 2875 et
1231 2811 1351 2894 injuste
1372 2832 1392 2874 a
1410 2813 1515 2878 tribus
1538 2824 1634 2878 extra

277 2934 460 3017 capitulum
484 2934 617 3012 electus,
633 2935 817 2999 licenciavit
843 2933 904 2997 sub
931 2933 1039 3017 sigillo
1066 2954 1126 2996 suo
1152 2935 1260 3014 ipsum
1290 2933 1469 2997 Ricardum
1486 2933 1634 2998 Andrew

277 3065 451 3138 acceptare
481 3056 702 3137 provisionem
738 3076 843 3137 papae,
874 3064 912 3118 ut
942 3065 1029 3117 esset
1061 3054 1278 3116 Eboracensis
1313 3054 1459 3118 ecclesiae
1490 3055 1634 3118 decanus

279 3196 338 3258 per
361 3176 580 3258 provisionem
607 3197 712 3258 papae,
736 3178 782 3239 ita
804 3175 893 3257 quod
918 3195 1005 3256 papa
1027 3173 1207 3237 Nicholaus
1231 3175 1364 3254 quintus
1387 3176 1494 3256 ipsum
1520 3174 1635 3239 Ricar-

278 3297 360 3360 dum
380 3296 430 3389 in
467 3297 666 3360 decanatum
705 3297 850 3361 ecclesiae
887 3293 1107 3358 Eboracensis
1140 3295 1326 3376 provideret
1365 3304 1398 3357 et
1433 3295 1633 3359 eleccionem

280 3416 527 3500 Bermyngham
565 3417 687 3480 factam
725 3416 889 3498 legittime
926 3436 986 3498 per
1021 3416 1196 3479 canonicos
1227 3415 1385 3478 Ecclesiae
1416 3415 1634 3479 Eboracensis

279 3538 369 3600 idern
399 3555 488 3619 papa
517 3546 661 3600 cassaret
692 3546 726 3600 et
760 3546 927 3600 revocaret
957 3556 1015 3599 seu
1045 3534 1241 3612 adnullaret,
1273 3544 1307 3598 et
1337 3536 1382 3600 sic
1419 3534 1542 3599 sactum
1572 3535 1634 3600 fuit

280 3655 402 3721 Romae
424 3679 483 3740 per
504 3659 660 3739 pecunias
685 3657 833 3739 praedicti
857 3657 1001 3721 Ricardi.
1048 3656 1092 3718 Et
1115 3657 1193 3738 quia
1219 3655 1401 3738 capitulum
1425 3655 1635 3720 Eboracense

279 3779 387 3861 ipsum
419 3777 599 3842 Ricardum
630 3779 798 3860 provisum
829 3798 888 3859 per
917 3797 1039 3860 papam
1072 3777 1215 3859 recipere
1246 3777 1278 3838 in
1309 3797 1405 3839 suum
1436 3777 1633 3840 decanatum

280 3916 347 3962 non
369 3900 553 3975 voluerunt,
570 3898 645 3961 ideo
670 3919 729 3981 per
750 3897 857 3960 bullas
880 3918 976 3979 papae
1000 3896 1152 3960 Nicholai
1176 3896 1293 3959 diversi
1319 3896 1464 3959 canonici
1488 3895 1634 3960 ecclesiae

280 4018 476 4084 cathedralis
514 4018 656 4082 Eboraci
695 4019 975 4083 excommunicati
1014 4017 1157 4091 fuerunt,
1195 4027 1228 4079 et
1266 4017 1402 4080 ecclesia
1440 4016 1636 4081 cathedralis

280 4140 435 4221 exposita
459 4140 634 4203 interdicto
665 4150 698 4203 et
725 4160 884 4221 suspensa
914 4160 974 4221 per
999 4138 1110 4221 plures
1139 4138 1350 4219 septimanas,
1380 4137 1427 4199 ita
1453 4138 1542 4218 quod
1575 4156 1635 4201 nec

280 4261 455 4323 matutinae
480 4281 539 4323 nec
567 4260 676 4342 aliqua
702 4261 800 4323 missa
829 4261 888 4323 luit
916 4262 947 4322 in
974 4260 1028 4322 illa
1056 4259 1192 4324 ecclesia
1216 4279 1275 4341 pcr
1300 4259 1409 4339 plures
1435 4256 1635 4340 septimanas
