3818 4904
301 387 359 455 152
671 384 770 437 LOCI
797 385 825 436 E
855 384 978 438 LIBlr'O
1014 378 1269 441 VERITATUM.

297 597 428 661 noticiae
455 597 510 674 rei,
536 598 615 679 quin
643 597 770 679 indiget
796 599 933 661 audiens
959 598 1185 662 declaracione
1213 598 1257 661 rei
1288 597 1489 678 significatae,
1514 601 1650 680 propter
1713 666 1716 671 ,

297 717 585 798 equivocacionem
606 717 706 792 verbi,
724 727 857 799 propter
880 719 984 781 eciam
1008 718 1187 801 sequelam,
1208 738 1275 800 qua
1297 719 1445 800 sequitur
1467 719 1526 782 tali
1549 718 1649 800 signi·

297 836 453 901 ficacione
472 838 655 916 verborum,
674 837 751 919 quia
771 839 867 903 aliter
885 838 985 901 verba
1009 858 1098 919 saepe
1118 838 1346 920 acciperentur
1366 847 1479 902 contra
1500 848 1648 902 mentem

296 958 448 1035 auctoris,
472 966 506 1021 et
536 966 648 1021 contra
678 958 852 1021 veritatem
879 960 925 1021 rei
956 957 1181 1041 intelligibilis.
1236 959 1332 1034 Item,
1358 959 1464 1022 sancti
1495 960 1648 1022 doctores

295 1077 396 1141 verba
419 1078 479 1141 Xti
503 1087 734 1161 exposuerunt,
757 1087 791 1142 et
815 1080 904 1142 Xtus
930 1080 977 1142 sic
999 1078 1113 1156 voluit,
1137 1088 1171 1142 et
1196 1078 1259 1142 hoc
1286 1078 1492 1160 significavit,
1514 1080 1648 1161 quando

296 1198 392 1276 dixit,
408 1198 492 1280 ‘Qui
508 1198 608 1262 habet
629 1221 725 1263 aures
746 1200 901 1263 audiendi
922 1199 1054 1274 audiat,’
1071 1200 1090 1262 i.
1102 1220 1130 1263 e.
1146 1199 1202 1280 qui
1223 1198 1324 1262 habet
1339 1200 1464 1262 donum
1486 1201 1530 1262 ad
1551 1200 1648 1264 intel·

296 1317 466 1400 ligendum
487 1318 587 1382 verba
608 1340 692 1396 mea,
708 1319 833 1382 eisdem
856 1329 951 1383 vacet
974 1319 1205 1402 intelligendis.
1251 1309 1347 1395 Item,
1364 1320 1476 1402 magni
1495 1320 1649 1385 doctores

295 1448 330 1503 et
360 1439 567 1521 expositores
593 1440 693 1503 verba
722 1440 856 1522 papalia
883 1448 1109 1522 exposuerunt
1139 1460 1238 1522 super
1265 1439 1416 1517 Decreta,
1446 1427 1647 1517 Decretalcs,

297 1558 450 1634 Sextum,
466 1560 553 1642 Vijm,
568 1570 602 1624 et
623 1581 722 1642 super
743 1561 1019 1642 Extravagancia,
1036 1570 1069 1623 et
1091 1560 1202 1643 magni
1222 1581 1319 1642 papae
1335 1559 1398 1624 hoc
1420 1560 1488 1623 fieri
1510 1569 1647 1643 optave-

295 1690 383 1745 runt.
428 1682 524 1758 Item,
550 1701 639 1764 papa
663 1702 753 1763 saepe
777 1681 861 1745 fallit
886 1691 919 1745 et
944 1682 1076 1756 fallitur,
1102 1701 1181 1763 ergo
1209 1681 1242 1744 in·
1267 1702 1333 1762 quo
1360 1680 1445 1745 sallit
1468 1690 1502 1745 et
1525 1680 1648 1745 fallitur

295 1800 568 1879 manifestaretur,
584 1811 620 1866 ut
639 1803 760 1865 veritas
785 1810 1012 1883 cognoscatur.
1058 1803 1136 1865 Non
1155 1811 1227 1864 tum
1249 1802 1426 1864 dicendum
1448 1809 1506 1878 est,
1524 1818 1647 1884 papam

295 1921 328 1983 in
351 1922 459 1984 verbis
481 1923 549 1984 suis
571 1922 752 1985 intendisse
774 1922 876 1986 talem
900 1923 951 1985 vel
979 1922 1081 1986 talem
1107 1942 1249 1997 sensum,
1272 1923 1299 1985 si
1323 1943 1411 2004 papa
1434 1922 1533 2000 dicat,
1556 1922 1646 2004 quod

294 2043 435 2123 ipsemet
451 2062 539 2123 papa
555 2042 668 2104 dicens
684 2040 740 2105 illa
755 2042 854 2104 verba
869 2042 1064 2106 intendebat
1079 2044 1277 2106 contrarium
1293 2062 1435 2105 sensum.
1481 2042 1534 2105 De
1550 2042 1647 2104 rebus

295 2182 378 2242 quas
403 2162 504 2225 verba
529 2182 626 2244 papae
652 2161 848 2244 significant,
875 2148 990 2245 pocius
1017 2165 1227 2227 tractandum
1255 2173 1305 2226 est
1332 2183 1433 2245 quam
1461 2164 1504 2226 de
1529 2163 1646 2226 verbis.

294 2282 375 2346 Post
397 2292 538 2346 mortem
563 2283 660 2361 enim,
679 2283 750 2346 sine
774 2284 944 2346 nominum
970 2284 1132 2365 dignitate
1153 2283 1224 2347 sola
1248 2284 1410 2346 ducentur
1430 2282 1569 2365 ingenia,
1586 2303 1647 2347 nec

294 2403 516 2469 considerabit
537 2405 592 2485 qui
613 2403 757 2468 lecturus
779 2412 837 2480 est,
855 2403 956 2484 cujus,
972 2405 1030 2468 sed
1051 2404 1149 2486 quale
1171 2405 1214 2467 sit
1232 2404 1321 2485 quod
1341 2402 1485 2466 lecturus
1505 2413 1563 2482 est,
1578 2403 1647 2467 sive

294 2524 476 2606 episcopus
491 2526 559 2587 sive
580 2524 691 2598 laicus,
708 2526 755 2588 sic
778 2526 956 2606 imperator
978 2534 1011 2587 et
1032 2525 1209 2587 dominus.
1228 2523 1368 2606 ..Papa
1388 2525 1476 2586 enim
1497 2524 1647 2588 consulte

295 2653 427 2709 revocat
455 2645 634 2708 instructus
661 2644 778 2726 majori
805 2644 950 2719 scientia,
974 2647 1063 2726 quod
1092 2644 1277 2708 inconsulte
1299 2643 1446 2718 asseruit,
1471 2652 1505 2707 et
1533 2645 1646 2708 incon·

293 2765 379 2827 sulte
392 2766 563 2829 concessit.
606 2765 674 2829 Ubi
692 2767 779 2829 enim
797 2766 829 2827 in
846 2765 979 2828 homine
994 2766 1141 2828 sanccior
1156 2775 1205 2828 est
1220 2766 1297 2840 vita,
1311 2763 1474 2828 miraculis
1490 2765 1647 2828 divinitus

293 2883 389 2948 sactis
412 2884 615 2961 confirmata,
631 2894 664 2948 et
688 2886 743 2947 ubi
768 2895 818 2948 est
841 2887 873 2947 in
897 2887 1013 2948 eodem
1040 2885 1145 2966 major
1166 2885 1308 2967 Spiritus
1333 2883 1448 2948 Sancti
1469 2885 1588 2965 gracia,
1612 2894 1646 2948 et

294 3004 400 3085 major
420 3006 567 3079 sciencia,
589 3006 621 3067 in
642 3007 760 3068 eodem
785 3016 835 3069 est
860 3005 964 3086 major
985 3006 1163 3069 auctoritas
1185 3007 1217 3066 in
1240 3006 1407 3086 scripturis
1430 3006 1646 3086 exponendis

293 3134 327 3188 et
354 3125 582 3207 explanandis,
607 3127 665 3189 sed
691 3147 756 3189 non
783 3127 815 3188 in
842 3127 948 3189 causis
973 3127 1172 3189 decidendis.
1221 3124 1278 3187 Ad
1306 3126 1448 3206 primum
1474 3125 1647 3206 requiritur

294 3266 415 3328 magna
440 3246 586 3321 scientia,
614 3247 656 3309 ad
687 3247 776 3310 aliud
805 3247 998 3329 requisitum
1025 3266 1101 3310 cum
1131 3267 1239 3310 causae
1269 3246 1469 3328 cognicione,
1496 3255 1645 3327 potestas

289 3365 472 3449 judiciaria,
495 3387 570 3448 quae
593 3368 743 3431 consistit
767 3369 798 3430 in
822 3377 990 3449 potestate
1013 3368 1233 3450 cognoscendi
1256 3388 1398 3445 causam,
1423 3376 1456 3429 et
1479 3366 1512 3428 in
1534 3375 1645 3448 potes·

291 3496 362 3552 tate
385 3489 610 3551 sentenciandi
633 3489 676 3552 de
699 3509 798 3552 causa
821 3490 961 3568 cognita,
977 3500 1014 3553 ut
1034 3488 1180 3552 ostendit
1201 3488 1318 3552 doctor
1339 3486 1467 3551 subtilis
1487 3487 1646 3569 magister

291 3607 463 3689 Johannes
490 3609 586 3671 Duns
612 3609 645 3670 in
673 3608 732 3689 iiij⁰
755 3608 838 3672 libro
862 3607 1118 3684 Sententiarum,
1143 3609 1251 3691 operis
1273 3609 1322 3671 sui
1351 3607 1562 3684 Oxoniensis,
1586 3627 1645 3671 ex·

292 3730 460 3811 posicione
486 3731 529 3792 de
559 3729 762 3792 consessione
787 3730 1028 3794 sacramentali.
1076 3731 1190 3795 Unum
1218 3729 1305 3792 enirn
1334 3728 1458 3792 malum
1486 3748 1645 3810 magnum

292 3849 440 3914 ecclesiae
467 3853 634 3914 modernae
661 3862 712 3915 est
734 3851 807 3926 hoc,
834 3852 924 3933 quod
947 3851 1129 3914 secundum
1152 3850 1276 3913 famam
1301 3868 1511 3912 communem
1537 3847 1644 3913 homi-

293 3991 352 4033 nes
376 3972 419 4034 de
448 3971 537 4035 curia
568 3992 673 4054 papae,
697 3981 730 4035 et
760 3993 857 4053 papae
887 3972 1087 4047 assistentes,
1110 3972 1220 4053 ipsum
1245 3989 1367 4051 papam
1391 3968 1523 4051 publice
1546 3968 1644 4033 inter·

293 4088 390 4154 ficere
405 4092 530 4170 volunt,
546 4092 598 4156 vel
613 4092 742 4156 occulte
757 4113 815 4174 per
831 4093 1115 4169 intoxicacionem,
1132 4091 1193 4154 nisi
1208 4111 1296 4172 papa
1311 4089 1449 4153 voluerit
1464 4089 1644 4152 concedere

294 4210 519 4276 ordinaciones
546 4213 630 4276 tales
657 4213 734 4288 lieri,
760 4234 803 4275 ex
828 4213 946 4294 quibus
974 4219 1156 4294 sequuntur
1181 4211 1272 4274 lucra
1297 4208 1525 4273 assistentibus
1547 4227 1643 4291 papae
