3818 4904
289 419 328 477 16
663 421 762 475 LOCI
787 420 817 472 E
846 419 969 472 LIBRO
1005 418 1261 476 VERITATUM.

287 656 446 718 magnum
481 645 514 699 et
552 655 611 717 per
641 635 767 698 Turcos
801 634 857 716 qui
888 633 1034 696 vicerunt
1069 634 1237 697 civitatem
1274 633 1364 696 illam
1398 643 1431 696 et
1469 631 1640 708 Graeciam,

285 764 441 819 vocantes
474 757 600 838 seipsos
635 755 758 817 ultores
792 754 959 837 sanguinis
994 752 1130 834 Trojani
1165 763 1198 817 et
1230 753 1379 817 inimicos
1407 753 1467 815 Xti
1503 763 1537 816 et
1567 773 1640 834 per·

285 885 453 940 secutores
477 874 749 939 Christianorum.

373 1005 407 1070 [p.
421 1004 490 1070 320]
514 996 592 1058 Non
604 995 700 1058 video
715 994 804 1076 quod
822 1015 908 1076 papa
925 994 1050 1056 exemit
1067 994 1239 1075 episcopos
1253 993 1297 1055 ab
1315 1014 1414 1056 onere
1429 993 1640 1075 praedicandi,

286 1136 347 1180 nec
365 1116 455 1197 quod
477 1116 523 1179 sic
544 1116 653 1197 potuit
673 1115 852 1188 licenciare,
868 1113 921 1176 vel
940 1134 997 1177 eos
1019 1115 1172 1195 excipere
1188 1113 1239 1176 vel
1260 1113 1446 1177 disonerare
1468 1114 1640 1195 episcopos

285 1236 329 1299 ab
352 1245 427 1299 actu
452 1236 591 1318 publicae
612 1234 858 1316 praedieacionis
881 1234 1011 1316 populis
1032 1255 1165 1312 eorum;
1198 1233 1420 1316 obligaciones
1444 1235 1531 1297 enim
1555 1235 1641 1316 epis·

286 1376 443 1437 coporum
474 1356 517 1418 ad
548 1355 795 1438 praedicandum
825 1354 948 1438 populo
978 1375 1038 1417 suo
1074 1355 1107 1416 in
1137 1354 1296 1432 scriptura
1327 1375 1418 1442 sacra
1448 1355 1513 1435 legi
1540 1354 1640 1435 juxta

287 1475 368 1538 illud
393 1486 597 1557 praeceptum
620 1475 714 1538 nobis
735 1475 913 1557 praedicare
932 1474 1056 1557 populo
1076 1483 1109 1537 et
1130 1473 1315 1552 testificare,
1331 1475 1389 1538 sed
1410 1494 1476 1537 non
1496 1474 1572 1555 lego
1596 1474 1640 1535 ibi

286 1596 554 1659 disoneraciones
577 1615 689 1657 eorum
713 1595 757 1657 ab
776 1594 832 1657 illo
854 1605 930 1658 actu
953 1595 1154 1676 praedicandi
1178 1614 1237 1656 nec
1261 1614 1373 1656 eorum
1396 1595 1439 1657 ab
1463 1593 1520 1656 illo
1543 1614 1641 1656 onere

285 1716 535 1797 adquietancias
551 1736 662 1778 coram
680 1715 763 1792 De0,
783 1724 819 1778 ut
836 1714 915 1777 mihi
930 1716 1060 1778 videtur
1075 1714 1215 1777 Thomae
1233 1713 1420 1797 Gascoigne
1436 1713 1641 1778 Cancellario

286 1837 385 1900 studii
411 1836 632 1899 universitatis
656 1834 810 1899 Oxoniae.

375 1961 434 2026 [ib]
480 1955 621 2018 Noviter
653 1954 788 2017 intravit
824 1953 857 2016 in
894 1953 1056 2036 Angliam
1094 1954 1285 2036 exemplum
1321 1975 1479 2037 magnum
1513 1956 1640 2037 peccati

285 2077 420 2159 quando
438 2095 525 2158 papa
545 2074 699 2138 Calixtus
718 2076 838 2138 tercius
859 2075 1051 2153 licenciavit,
1068 2076 1279 2157 dispensavit,
1295 2096 1351 2138 seu
1373 2076 1544 2157 dissipavit
1564 2096 1640 2140 cum

286 2217 353 2259 uno
386 2196 508 2278 juvene
544 2195 717 2258 sacerdote
755 2195 914 2277 magistro
950 2196 1075 2259 arcium
1114 2195 1257 2277 Georgio
1294 2196 1410 2273 Nevel‚
1440 2197 1530 2278 quod
1562 2196 1641 2278 ipse,

286 2317 434 2380 existens
458 2315 574 2398 viginti
605 2315 705 2377 trium
731 2335 893 2377 annorum
918 2315 970 2378 vel
1001 2317 1135 2389 circiter,
1159 2316 1298 2379 haberet
1322 2336 1438 2378 omnes
1462 2325 1641 2398 proventus

285 2448 321 2502 et
347 2437 494 2501 redditus
521 2436 731 2518 episcopatus
754 2434 966 2512 Exoniensis,
993 2447 1026 2499 et
1053 2437 1144 2519 quod
1168 2437 1279 2498 omnia
1305 2435 1464 2499 beneficia
1491 2458 1550 2499 sua
1576 2436 1642 2499 alia

286 2557 450 2636 retineret,
475 2577 550 2639 quae
577 2555 693 2619 habuit
719 2564 798 2618 ante
825 2554 915 2618 illam
947 2555 1117 2619 licenciam
1143 2555 1306 2638 papalem,
1333 2556 1378 2619 ita
1407 2565 1520 2619 tamen
1550 2557 1641 2638 quod

286 2679 357 2760 ipse
387 2686 467 2742 tunc
496 2696 657 2740 annorum
688 2693 728 2759 23
757 2696 823 2738 non
852 2685 938 2739 esset
965 2686 1173 2740 consecratus
1200 2677 1232 2739 in
1255 2677 1446 2759 episcopum
1470 2677 1642 2740 Exonien-

285 2819 356 2862 sem
377 2818 548 2881 quousque
567 2797 744 2877 attingeret
759 2796 852 2877 xxvij
870 2797 979 2860 aetatis
995 2817 1063 2859 suae
1079 2817 1213 2875 annum,
1229 2808 1263 2862 et
1281 2797 1327 2860 sic
1347 2817 1435 2879 papa
1454 2797 1642 2862 habilitavit

286 2938 363 2981 eum
387 2927 423 2981 ut
444 2925 616 2981 vocaretur
638 2914 762 2980 electus
785 2925 818 2980 et
842 2916 1055 2981 confirmatus
1079 2916 1278 2980 Exoniensis
1297 2917 1479 2999 episcopus,
1495 2927 1528 2981 et
1551 2919 1640 3001 quod

288 3038 447 3121 reciperet
468 3058 528 3120 per
545 3046 652 3100 certos
675 3057 780 3100 annos
801 3057 917 3099 omnes
940 3048 1119 3119 proventus
1142 3037 1230 3100 illius
1252 3037 1470 3119 episcopatus,
1492 3039 1550 3101 sed
1574 3021 1648 3102 non

288 3160 378 3242 quod
400 3167 644 3222 consecraretur
660 3158 692 3221 in
709 3158 901 3239 episcopum
924 3158 1010 3220 illius
1030 3159 1173 3222 civitatis
1190 3158 1390 3222 Exoniensis
1404 3179 1463 3240 per
1478 3179 1583 3222 annos
1598 3179 1641 3239 4;

286 3290 321 3343 et
351 3280 426 3343 ideo
455 3299 531 3342 vere
561 3278 651 3359 qnod
682 3277 749 3341 tale
779 3297 943 3341 venenum
981 3279 1114 3342 intravit
1145 3288 1223 3342 tunc
1255 3279 1288 3340 in
1318 3278 1490 3342 ecclesiam
1520 3279 1641 3362 Angli-

287 3419 405 3464 canam
421 3408 539 3463 ettam
559 3418 703 3480 nequam
724 3399 864 3479 posteris
885 3399 1088 3480 exemplum.
1135 3399 1195 3462 Ille
1214 3400 1302 3463 enim
1319 3399 1448 3480 juvenis
1472 3398 1642 3483 Georgius,

288 3521 374 3584 filius
416 3519 549 3582 Ricardi
587 3519 717 3583 comitis
756 3517 886 3596 Sarum,
923 3519 985 3584 suit
1022 3520 1213 3584 licenciatus
1251 3519 1370 3582 Romae
1407 3519 1451 3582 ad
1486 3520 1642 3602 pecunias

220 3710 222 3715 ,
288 3643 499 3726 episcopatus
533 3639 733 3703 Exoniensis
768 3640 979 3721 colligendas,
1010 3640 1069 3704 sed
1100 3660 1166 3703 non
1196 3640 1238 3703 ad
1272 3641 1399 3703 animas
1434 3639 1520 3703 illius
1555 3642 1641 3723 epis·

287 3770 426 3845 copatus
450 3762 525 3825 Deo
548 3760 759 3843 colligendas,
781 3761 858 3843 quia
884 3782 972 3843 papa
995 3759 1180 3824 habilitavit
1204 3780 1279 3823 eum
1303 3781 1363 3823 sua
1392 3760 1643 3843 dispensacione

288 3905 345 3946 seu
382 3882 517 3947 licencia
552 3891 589 3945 ut
625 3882 750 3946 fructus
785 3902 901 3945 omnes
936 3881 1022 3945 illius
1052 3882 1261 3965 episcopatus
1291 3883 1458 3963 reciperet,
1484 3883 1543 3946 sed
1574 3903 1642 3946 non

288 4005 378 4086 quod
404 4005 578 4086 episcopus
603 4003 696 4069 fieret
720 4023 891 4086 quousque
915 4003 986 4086 ipse
1009 4013 1087 4067 tunc
1114 4019 1154 4085 23
1178 4023 1340 4065 annorum
1363 4002 1395 4064 in
1418 4010 1518 4066 aetate
1540 4005 1641 4068 attin-

287 4133 380 4205 geret
405 4137 445 4205 27
470 4145 603 4203 annum,
628 4133 662 4188 et
688 4125 734 4188 sic
761 4123 817 4188 alii
848 4124 975 4188 discent
1006 4144 1107 4206 opera
1138 4143 1196 4186 seu
1227 4121 1384 4205 exempla
1411 4122 1499 4199 talia,
1521 4133 1555 4188 et
1585 4124 1642 4189 fiet

287 4243 352 4307 hoc
375 4244 566 4327 exemplum
589 4245 730 4328 posteris
754 4245 786 4308 in
809 4245 1012 4323 scandalum,
1028 4245 1077 4309 ie.
1094 4244 1126 4307 in
1148 4244 1275 4307 ruinam
1298 4264 1354 4307 seu
1379 4243 1411 4305 in
1435 4244 1642 4308 occasionem
