<?xml version="1.0" encoding="UTF-8"?>
<!DOCTYPE html PUBLIC "-//W3C//DTD XHTML 1.0 Transitional//EN"
    "http://www.w3.org/TR/xhtml1/DTD/xhtml1-transitional.dtd">
<html xmlns="http://www.w3.org/1999/xhtml" xml:lang="en" lang="en">
 <head>
  <title>
</title>
<meta http-equiv="Content-Type" content="text/html;charset=utf-8" />
  <meta name='ocr-system' content='tesseract 3.04.00' />
  <meta name='ocr-capabilities' content='ocr_page ocr_carea ocr_par ocr_line ocrx_word'/>
</head>
<body>
  <div class='ocr_page' id='page_1' title='image "./locielibroverit00gascgoog/locielibroverit00gascgoog_0136.png"; bbox 0 0 3818 4904; ppageno 0'>
   <div class='ocr_carea' id='block_1_1' title="bbox 592 416 1574 494">
    <p class='ocr_par' dir='ltr' id='par_1_1' title="bbox 592 416 1574 494">
     <span class='ocr_line' id='line_1_1' title="bbox 592 416 1574 494; baseline 0.003 -16"><span class='ocrx_word' id='word_1_1' title='bbox 592 423 692 480; x_wconf 88' lang='lat' dir='ltr'><em>LOCI</em></span> <span class='ocrx_word' id='word_1_2' title='bbox 718 423 748 478; x_wconf 89' lang='lat' dir='ltr'><em>E</em></span> <span class='ocrx_word' id='word_1_3' title='bbox 777 423 903 479; x_wconf 86' lang='lat' dir='ltr'><em>LIBRO</em></span> <span class='ocrx_word' id='word_1_4' title='bbox 940 422 1197 479; x_wconf 75' lang='lat' dir='ltr'><em>VERITATUM.</em></span> <span class='ocrx_word' id='word_1_5' title='bbox 1531 416 1574 494; x_wconf 81' lang='grc'>35</span> 
     </span>
    </p>
   </div>
   <div class='ocr_carea' id='block_1_2' title="bbox 207 637 1571 3732">
    <p class='ocr_par' dir='ltr' id='par_1_2' title="bbox 111 637 1571 3232">
     <span class='ocr_line' id='line_1_2' title="bbox 211 637 1571 721; baseline -0.003 -20"><span class='ocrx_word' id='word_1_6' title='bbox 211 658 272 701; x_wconf 89' lang='lat' dir='ltr'>suo</span> <span class='ocrx_word' id='word_1_7' title='bbox 288 649 424 721; x_wconf 89' lang='lat' dir='ltr'>gutture</span> <span class='ocrx_word' id='word_1_8' title='bbox 445 638 536 720; x_wconf 90' lang='lat' dir='ltr'>quod</span> <span class='ocrx_word' id='word_1_9' title='bbox 560 656 626 700; x_wconf 92' lang='lat' dir='ltr'>non</span> <span class='ocrx_word' id='word_1_10' title='bbox 643 637 751 719; x_wconf 94' lang='lat' dir='ltr'>potuit</span> <span class='ocrx_word' id='word_1_11' title='bbox 775 657 834 701; x_wconf 89' lang='lat' dir='ltr'>nec</span> <span class='ocrx_word' id='word_1_12' title='bbox 853 638 937 701; x_wconf 91' lang='lat' dir='ltr'>bene</span> <span class='ocrx_word' id='word_1_13' title='bbox 960 638 1049 721; x_wconf 89' lang='lat' dir='ltr'>loqui</span> <span class='ocrx_word' id='word_1_14' title='bbox 1072 658 1133 702; x_wconf 91' lang='lat' dir='ltr'>nec</span> <span class='ocrx_word' id='word_1_15' title='bbox 1156 637 1318 720; x_wconf 77' lang='lat' dir='ltr'>deglutire</span> <span class='ocrx_word' id='word_1_16' title='bbox 1340 645 1374 700; x_wconf 92' lang='lat' dir='ltr'>et</span> <span class='ocrx_word' id='word_1_17' title='bbox 1390 637 1437 700; x_wconf 94' lang='lat' dir='ltr'>sic</span> <span class='ocrx_word' id='word_1_18' title='bbox 1453 638 1571 701; x_wconf 85' lang='lat' dir='ltr'>morie·</span> 
     </span>
     <span class='ocr_line' id='line_1_3' title="bbox 210 757 1571 841; baseline -0.002 -21"><span class='ocrx_word' id='word_1_19' title='bbox 210 757 319 822; x_wconf 92' lang='lat' dir='ltr'>batur.</span> <span class='ocrx_word' id='word_1_20' title='bbox 377 758 541 822; x_wconf 88' lang='lat' dir='ltr'>Homines</span> <span class='ocrx_word' id='word_1_21' title='bbox 572 758 660 820; x_wconf 90' lang='lat' dir='ltr'>enim</span> <span class='ocrx_word' id='word_1_22' title='bbox 690 767 772 821; x_wconf 92' lang='lat' dir='ltr'>tunc</span> <span class='ocrx_word' id='word_1_23' title='bbox 798 758 1007 822; x_wconf 90' lang='lat' dir='ltr'>crediderunt</span> <span class='ocrx_word' id='word_1_24' title='bbox 1037 760 1127 841; x_wconf 92' lang='lat' dir='ltr'>quod</span> <span class='ocrx_word' id='word_1_25' title='bbox 1156 760 1248 822; x_wconf 94' lang='lat' dir='ltr'>Deus</span> <span class='ocrx_word' id='word_1_26' title='bbox 1279 758 1392 840; x_wconf 90' lang='lat' dir='ltr'>ligavit</span> <span class='ocrx_word' id='word_1_27' title='bbox 1423 757 1571 837; x_wconf 86' lang='lat' dir='ltr'>linguam</span> 
     </span>
     <span class='ocr_line' id='line_1_4' title="bbox 211 876 1570 961; baseline -0.002 -20"><span class='ocrx_word' id='word_1_28' title='bbox 211 877 284 960; x_wconf 89' lang='lat' dir='ltr'>ejus</span> <span class='ocrx_word' id='word_1_29' title='bbox 307 881 340 942; x_wconf 93' lang='lat' dir='ltr'>in</span> <span class='ocrx_word' id='word_1_30' title='bbox 356 899 416 942; x_wconf 90' lang='lat' dir='ltr'>sua</span> <span class='ocrx_word' id='word_1_31' title='bbox 437 878 642 952; x_wconf 88' lang='lat' dir='ltr'><strong>necessitate,</strong></span> <span class='ocrx_word' id='word_1_32' title='bbox 660 879 737 959; x_wconf 92' lang='lat' dir='ltr'>quia</span> <span class='ocrx_word' id='word_1_33' title='bbox 760 888 838 941; x_wconf 91' lang='lat' dir='ltr'>tunc</span> <span class='ocrx_word' id='word_1_34' title='bbox 858 878 972 960; x_wconf 88' lang='lat' dir='ltr'>ligavit</span> <span class='ocrx_word' id='word_1_35' title='bbox 991 878 1119 961; x_wconf 83' lang='lat' dir='ltr'>linguas</span> <span class='ocrx_word' id='word_1_36' title='bbox 1137 881 1230 961; x_wconf 89' lang='lat' dir='ltr'>quasi</span> <span class='ocrx_word' id='word_1_37' title='bbox 1246 880 1395 942; x_wconf 93' lang='lat' dir='ltr'>omnium</span> <span class='ocrx_word' id='word_1_38' title='bbox 1410 876 1570 960; x_wconf 74' lang='lat' dir='ltr'>praedica·</span> 
     </span>
     <span class='ocr_line' id='line_1_5' title="bbox 211 995 1571 1081; baseline -0.003 -20"><span class='ocrx_word' id='word_1_39' title='bbox 211 1006 322 1061; x_wconf 89' lang='lat' dir='ltr'>torum</span> <span class='ocrx_word' id='word_1_40' title='bbox 338 1008 473 1081; x_wconf 88' lang='lat' dir='ltr'>propter</span> <span class='ocrx_word' id='word_1_41' title='bbox 485 1019 608 1080; x_wconf 88' lang='lat' dir='ltr'>paucos</span> <span class='ocrx_word' id='word_1_42' title='bbox 624 997 796 1061; x_wconf 82' lang='lat' dir='ltr'>haereticos</span> <span class='ocrx_word' id='word_1_43' title='bbox 812 1000 868 1080; x_wconf 96' lang='lat' dir='ltr'>qui</span> <span class='ocrx_word' id='word_1_44' title='bbox 885 1009 964 1063; x_wconf 88' lang='lat' dir='ltr'>tunc</span> <span class='ocrx_word' id='word_1_45' title='bbox 980 1019 1000 1062; x_wconf 91' lang='lat' dir='ltr'>a</span> <span class='ocrx_word' id='word_1_46' title='bbox 1016 1001 1251 1081; x_wconf 83' lang='lat' dir='ltr'>praedicatione</span> <span class='ocrx_word' id='word_1_47' title='bbox 1265 1000 1395 1062; x_wconf 82' lang='lat' dir='ltr'>fuerunt</span> <span class='ocrx_word' id='word_1_48' title='bbox 1411 995 1571 1078; x_wconf 81' lang='lat' dir='ltr'>suspensi,</span> 
     </span>
     <span class='ocr_line' id='line_1_6' title="bbox 212 1118 1570 1201; baseline 0.002 -19"><span class='ocrx_word' id='word_1_49' title='bbox 212 1128 246 1182; x_wconf 93' lang='lat' dir='ltr'>et</span> <span class='ocrx_word' id='word_1_50' title='bbox 273 1119 418 1201; x_wconf 82' lang='lat' dir='ltr'>episcopi</span> <span class='ocrx_word' id='word_1_51' title='bbox 445 1118 515 1201; x_wconf 91' lang='lat' dir='ltr'>jam</span> <span class='ocrx_word' id='word_1_52' title='bbox 538 1119 752 1201; x_wconf 86' lang='lat' dir='ltr'>indignantur</span> <span class='ocrx_word' id='word_1_53' title='bbox 775 1119 864 1200; x_wconf 94' lang='lat' dir='ltr'>quod</span> <span class='ocrx_word' id='word_1_54' title='bbox 895 1118 1045 1183; x_wconf 89' lang='lat' dir='ltr'>homines</span> <span class='ocrx_word' id='word_1_55' title='bbox 1068 1120 1192 1198; x_wconf 92' lang='lat' dir='ltr'>dicunt,</span> <span class='ocrx_word' id='word_1_56' title='bbox 1215 1118 1327 1184; x_wconf 91' lang='lat' dir='ltr'>‘Talis</span> <span class='ocrx_word' id='word_1_57' title='bbox 1357 1118 1473 1182; x_wconf 87' lang='lat' dir='ltr'>doctor</span> <span class='ocrx_word' id='word_1_58' title='bbox 1503 1135 1570 1185; x_wconf 77' lang='lat' dir='ltr'>non</span> 
     </span>
     <span class='ocr_line' id='line_1_7' title="bbox 212 1237 1570 1323; baseline -0.001 -21"><span class='ocrx_word' id='word_1_59' title='bbox 212 1240 385 1322; x_wconf 90' lang='lat' dir='ltr'>episcopus</span> <span class='ocrx_word' id='word_1_60' title='bbox 411 1241 539 1323; x_wconf 86' lang='lat' dir='ltr'>optime</span> <span class='ocrx_word' id='word_1_61' title='bbox 565 1241 733 1321; x_wconf 86' lang='lat' dir='ltr'>praedicat,</span> <span class='ocrx_word' id='word_1_62' title='bbox 757 1241 816 1303; x_wconf 94' lang='lat' dir='ltr'>sed</span> <span class='ocrx_word' id='word_1_63' title='bbox 840 1240 1013 1322; x_wconf 93' lang='lat' dir='ltr'>episcopus</span> <span class='ocrx_word' id='word_1_64' title='bbox 1035 1249 1147 1303; x_wconf 86' lang='lat' dir='ltr'>noster</span> <span class='ocrx_word' id='word_1_65' title='bbox 1170 1260 1229 1303; x_wconf 93' lang='lat' dir='ltr'>nec</span> <span class='ocrx_word' id='word_1_66' title='bbox 1253 1240 1316 1303; x_wconf 91' lang='lat' dir='ltr'>scit</span> <span class='ocrx_word' id='word_1_67' title='bbox 1342 1258 1402 1302; x_wconf 90' lang='lat' dir='ltr'>nec</span> <span class='ocrx_word' id='word_1_68' title='bbox 1426 1237 1499 1302; x_wconf 88' lang='lat' dir='ltr'>vult</span> <span class='ocrx_word' id='word_1_69' title='bbox 1523 1237 1570 1301; x_wconf 86' lang='lat' dir='ltr'>ita</span> 
     </span>
     <span class='ocr_line' id='line_1_8' title="bbox 212 1353 1561 1442; baseline -0.001 -20"><span class='ocrx_word' id='word_1_70' title='bbox 212 1361 402 1442; x_wconf 87' lang='lat' dir='ltr'>praedicare,</span> <span class='ocrx_word' id='word_1_71' title='bbox 427 1369 461 1425; x_wconf 94' lang='lat' dir='ltr'>et</span> <span class='ocrx_word' id='word_1_72' title='bbox 483 1361 530 1423; x_wconf 93' lang='lat' dir='ltr'>sic</span> <span class='ocrx_word' id='word_1_73' title='bbox 554 1360 679 1441; x_wconf 91' lang='lat' dir='ltr'>majora</span> <span class='ocrx_word' id='word_1_74' title='bbox 700 1359 788 1422; x_wconf 90' lang='lat' dir='ltr'>bona</span> <span class='ocrx_word' id='word_1_75' title='bbox 811 1359 889 1423; x_wconf 83' lang='lat' dir='ltr'>iacit</span> <span class='ocrx_word' id='word_1_76' title='bbox 913 1380 979 1423; x_wconf 91' lang='lat' dir='ltr'>non</span> <span class='ocrx_word' id='word_1_77' title='bbox 1003 1360 1177 1442; x_wconf 88' lang='lat' dir='ltr'>episcopus</span> <span class='ocrx_word' id='word_1_78' title='bbox 1199 1380 1300 1442; x_wconf 91' lang='lat' dir='ltr'>quarn</span> <span class='ocrx_word' id='word_1_79' title='bbox 1322 1353 1517 1441; x_wconf 82' lang='lat' dir='ltr'>episcopus&#39;</span> <span class='ocrx_word' id='word_1_80' title='bbox 1557 1390 1561 1403; x_wconf 91' lang='lat'><em>·</em></span> 
     </span>
     <span class='ocr_line' id='line_1_9' title="bbox 207 1477 1570 1562; baseline 0.001 -20"><span class='ocrx_word' id='word_1_81' title='bbox 207 1529 209 1533; x_wconf 14' lang='grc' dir='ltr'><em>Α</em></span> <span class='ocrx_word' id='word_1_82' title='bbox 299 1490 326 1556; x_wconf 82' lang='lat' dir='ltr'>[p</span> <span class='ocrx_word' id='word_1_83' title='bbox 357 1488 428 1554; x_wconf 80' lang='lat'><strong>382.]</strong></span> <span class='ocrx_word' id='word_1_84' title='bbox 483 1481 670 1562; x_wconf 89' lang='lat' dir='ltr'>Episcopus</span> <span class='ocrx_word' id='word_1_85' title='bbox 707 1478 916 1555; x_wconf 87' lang='lat' dir='ltr'>Assavensis,</span> <span class='ocrx_word' id='word_1_86' title='bbox 954 1490 1072 1562; x_wconf 91' lang='lat' dir='ltr'>postea</span> <span class='ocrx_word' id='word_1_87' title='bbox 1106 1479 1329 1558; x_wconf 88' lang='lat' dir='ltr'>Cicestrensis,</span> <span class='ocrx_word' id='word_1_88' title='bbox 1362 1477 1570 1561; x_wconf 82' lang='lat' dir='ltr'>Reginaldus</span> 
     </span>
     <span class='ocr_line' id='line_1_10' title="bbox 213 1562 1568 1682; baseline -0.001 -19"><span class='ocrx_word' id='word_1_89' title='bbox 213 1600 332 1677; x_wconf 88' lang='lat' dir='ltr'>Pecok,</span> <span class='ocrx_word' id='word_1_90' title='bbox 352 1599 511 1663; x_wconf 88' lang='lat' dir='ltr'>Wallicus</span> <span class='ocrx_word' id='word_1_91' title='bbox 530 1600 664 1682; x_wconf 85' lang='lat' dir='ltr'>origine,</span> <span class='ocrx_word' id='word_1_92' title='bbox 685 1600 741 1681; x_wconf 92' lang='lat' dir='ltr'>qui</span> <span class='ocrx_word' id='word_1_93' title='bbox 765 1562 958 1681; x_wconf 42' lang='lat' dir='ltr'>§pptfc‘gtvst</span> <span class='ocrx_word' id='word_1_94' title='bbox 980 1600 1163 1665; x_wconf 91' lang='lat' dir='ltr'>Londoniis</span> <span class='ocrx_word' id='word_1_95' title='bbox 1178 1601 1211 1663; x_wconf 94' lang='lat' dir='ltr'>in</span> <span class='ocrx_word' id='word_1_96' title='bbox 1233 1600 1306 1664; x_wconf 95' lang='lat' dir='ltr'>loco</span> <span class='ocrx_word' id='word_1_97' title='bbox 1329 1600 1432 1662; x_wconf 86' lang='lat' dir='ltr'>crucis</span> <span class='ocrx_word' id='word_1_98' title='bbox 1453 1598 1568 1664; x_wconf 88' lang='lat' dir='ltr'>Sancti</span> 
     </span>
     <span class='ocr_line' id='line_1_11' title="bbox 212 1719 1568 1830; baseline -0.001 -46"><span class='ocrx_word' id='word_1_99' title='bbox 212 1720 471 1830; x_wconf 43' lang='lat' dir='ltr'>Paul&#39;kapostoli</span> <span class='ocrx_word' id='word_1_100' title='bbox 490 1721 580 1803; x_wconf 90' lang='lat' dir='ltr'>quod</span> <span class='ocrx_word' id='word_1_101' title='bbox 599 1720 746 1802; x_wconf 92' lang='lat' dir='ltr'>episcopi</span> <span class='ocrx_word' id='word_1_102' title='bbox 769 1720 803 1783; x_wconf 92' lang='lat' dir='ltr'>in</span> <span class='ocrx_word' id='word_1_103' title='bbox 826 1741 926 1802; x_wconf 88' lang='lat' dir='ltr'>quam</span> <span class='ocrx_word' id='word_1_104' title='bbox 950 1722 1095 1804; x_wconf 90' lang='lat' dir='ltr'>episcopi</span> <span class='ocrx_word' id='word_1_105' title='bbox 1119 1742 1185 1785; x_wconf 93' lang='lat' dir='ltr'>non</span> <span class='ocrx_word' id='word_1_106' title='bbox 1204 1729 1358 1785; x_wconf 88' lang='lat' dir='ltr'>tenentur</span> <span class='ocrx_word' id='word_1_107' title='bbox 1380 1719 1568 1804; x_wconf 75' lang='lat' dir='ltr'>praedicare,</span> 
     </span>
     <span class='ocr_line' id='line_1_12' title="bbox 212 1839 1568 1924; baseline -0.001 -20"><span class='ocrx_word' id='word_1_108' title='bbox 212 1851 250 1904; x_wconf 92' lang='lat' dir='ltr'>ut</span> <span class='ocrx_word' id='word_1_109' title='bbox 277 1842 341 1904; x_wconf 89' lang='lat' dir='ltr'>iste</span> <span class='ocrx_word' id='word_1_110' title='bbox 365 1841 527 1904; x_wconf 87' lang='lat' dir='ltr'>terminus</span> <span class='ocrx_word' id='word_1_111' title='bbox 557 1840 737 1921; x_wconf 80' lang='lat' dir='ltr'>praedicare</span> <span class='ocrx_word' id='word_1_112' title='bbox 764 1841 924 1923; x_wconf 88' lang='lat' dir='ltr'>accipitur</span> <span class='ocrx_word' id='word_1_113' title='bbox 950 1842 1104 1905; x_wconf 90' lang='lat' dir='ltr'>insensu</span> <span class='ocrx_word' id='word_1_114' title='bbox 1135 1863 1193 1905; x_wconf 93' lang='lat' dir='ltr'>seu</span> <span class='ocrx_word' id='word_1_115' title='bbox 1219 1840 1404 1924; x_wconf 84' lang='lat' dir='ltr'>significato</span> <span class='ocrx_word' id='word_1_116' title='bbox 1430 1839 1568 1917; x_wconf 81' lang='lat' dir='ltr'>famoso,</span> 
     </span>
     <span class='ocr_line' id='line_1_13' title="bbox 211 1959 1567 2045; baseline -0.001 -20"><span class='ocrx_word' id='word_1_117' title='bbox 211 1972 329 2044; x_wconf 89' lang='lat' dir='ltr'>postea</span> <span class='ocrx_word' id='word_1_118' title='bbox 353 1961 440 2024; x_wconf 89' lang='lat' dir='ltr'>dixit</span> <span class='ocrx_word' id='word_1_119' title='bbox 467 1969 500 2024; x_wconf 95' lang='lat' dir='ltr'>et</span> <span class='ocrx_word' id='word_1_120' title='bbox 526 1961 674 2038; x_wconf 88' lang='lat' dir='ltr'>asseruit,</span> <span class='ocrx_word' id='word_1_121' title='bbox 693 1970 730 2024; x_wconf 91' lang='lat' dir='ltr'>ut</span> <span class='ocrx_word' id='word_1_122' title='bbox 757 1960 856 2024; x_wconf 92' lang='lat' dir='ltr'>michi</span> <span class='ocrx_word' id='word_1_123' title='bbox 884 1962 972 2025; x_wconf 88' lang='lat' dir='ltr'>dixit</span> <span class='ocrx_word' id='word_1_124' title='bbox 995 1983 1073 2026; x_wconf 91' lang='lat' dir='ltr'>suus</span> <span class='ocrx_word' id='word_1_125' title='bbox 1098 1961 1297 2045; x_wconf 86' lang='lat' dir='ltr'>Capelianus</span> <span class='ocrx_word' id='word_1_126' title='bbox 1323 1960 1485 2044; x_wconf 83' lang='lat' dir='ltr'>Magister</span> <span class='ocrx_word' id='word_1_127' title='bbox 1509 1959 1567 2042; x_wconf 90' lang='lat' dir='ltr'>Jo-</span> 
     </span>
     <span class='ocr_line' id='line_1_14' title="bbox 210 2080 1569 2165; baseline -0.001 -19"><span class='ocrx_word' id='word_1_128' title='bbox 210 2081 340 2146; x_wconf 87' lang='lat' dir='ltr'>hannes</span> <span class='ocrx_word' id='word_1_129' title='bbox 366 2080 456 2153; x_wconf 83' lang='lat' dir='ltr'>Ode,</span> <span class='ocrx_word' id='word_1_130' title='bbox 483 2082 572 2163; x_wconf 91' lang='lat' dir='ltr'>quod</span> <span class='ocrx_word' id='word_1_131' title='bbox 604 2081 750 2163; x_wconf 91' lang='lat' dir='ltr'>episcopi</span> <span class='ocrx_word' id='word_1_132' title='bbox 781 2089 936 2145; x_wconf 85' lang='lat' dir='ltr'>tenentur</span> <span class='ocrx_word' id='word_1_133' title='bbox 965 2084 1152 2165; x_wconf 73' lang='lat' dir='ltr'>praedicare,</span> <span class='ocrx_word' id='word_1_134' title='bbox 1179 2084 1199 2146; x_wconf 92' lang='lat' dir='ltr'>i.</span> <span class='ocrx_word' id='word_1_135' title='bbox 1210 2102 1239 2146; x_wconf 86' lang='lat' dir='ltr'>e.</span> <span class='ocrx_word' id='word_1_136' title='bbox 1264 2083 1421 2147; x_wconf 86' lang='lat' dir='ltr'>veritates</span> <span class='ocrx_word' id='word_1_137' title='bbox 1447 2081 1569 2145; x_wconf 74' lang='lat' dir='ltr'>divinas</span> 
     </span>
     <span class='ocr_line' id='line_1_15' title="bbox 210 2200 1568 2285; baseline -0.002 -18.204"><span class='ocrx_word' id='word_1_138' title='bbox 210 2205 381 2285; x_wconf 79' lang='lat' dir='ltr'>scriptura:</span> <span class='ocrx_word' id='word_1_139' title='bbox 404 2200 537 2284; x_wconf 93' lang='lat' dir='ltr'>publice</span> <span class='ocrx_word' id='word_1_140' title='bbox 561 2201 670 2265; x_wconf 88' lang='lat' dir='ltr'>dicere</span> <span class='ocrx_word' id='word_1_141' title='bbox 692 2210 726 2265; x_wconf 93' lang='lat' dir='ltr'>et</span> <span class='ocrx_word' id='word_1_142' title='bbox 748 2203 932 2278; x_wconf 90' lang='lat' dir='ltr'>ostendere,</span> <span class='ocrx_word' id='word_1_143' title='bbox 957 2204 1015 2267; x_wconf 94' lang='lat' dir='ltr'>sed</span> <span class='ocrx_word' id='word_1_144' title='bbox 1040 2225 1106 2267; x_wconf 91' lang='lat' dir='ltr'>non</span> <span class='ocrx_word' id='word_1_145' title='bbox 1130 2213 1290 2282; x_wconf 83' lang='lat' dir='ltr'>tenentur,</span> <span class='ocrx_word' id='word_1_146' title='bbox 1313 2212 1350 2266; x_wconf 93' lang='lat' dir='ltr'>ut</span> <span class='ocrx_word' id='word_1_147' title='bbox 1374 2203 1445 2284; x_wconf 91' lang='lat' dir='ltr'>ipse</span> <span class='ocrx_word' id='word_1_148' title='bbox 1471 2200 1568 2274; x_wconf 89' lang='lat' dir='ltr'>dixit,</span> 
     </span>
     <span class='ocr_line' id='line_1_16' title="bbox 210 2322 1569 2407; baseline 0 -23"><span class='ocrx_word' id='word_1_149' title='bbox 210 2323 391 2407; x_wconf 90' lang='lat' dir='ltr'>praedicare</span> <span class='ocrx_word' id='word_1_150' title='bbox 423 2322 522 2385; x_wconf 92' lang='lat' dir='ltr'>modo</span> <span class='ocrx_word' id='word_1_151' title='bbox 552 2341 658 2402; x_wconf 89' lang='lat' dir='ltr'>nuper</span> <span class='ocrx_word' id='word_1_152' title='bbox 687 2322 818 2400; x_wconf 89' lang='lat' dir='ltr'>usitato,</span> <span class='ocrx_word' id='word_1_153' title='bbox 847 2344 891 2388; x_wconf 86' lang='lat' dir='ltr'>sc.</span> <span class='ocrx_word' id='word_1_154' title='bbox 923 2325 1117 2406; x_wconf 92' lang='lat' dir='ltr'>accipiendo</span> <span class='ocrx_word' id='word_1_155' title='bbox 1145 2324 1261 2388; x_wconf 91' lang='lat' dir='ltr'>thema</span> <span class='ocrx_word' id='word_1_156' title='bbox 1287 2332 1320 2386; x_wconf 89' lang='lat' dir='ltr'>et</span> <span class='ocrx_word' id='word_1_157' title='bbox 1350 2322 1569 2386; x_wconf 88' lang='lat' dir='ltr'>introduccio·</span> 
     </span>
     <span class='ocr_line' id='line_1_17' title="bbox 212 2441 1569 2539; baseline -0.003 -32"><span class='ocrx_word' id='word_1_158' title='bbox 212 2463 288 2508; x_wconf 91' lang='lat' dir='ltr'>nem</span> <span class='ocrx_word' id='word_1_159' title='bbox 308 2451 343 2506; x_wconf 93' lang='lat' dir='ltr'>et</span> <span class='ocrx_word' id='word_1_160' title='bbox 365 2442 560 2539; x_wconf 78' lang='lat' dir='ltr'>divisionem</span> <span class='ocrx_word' id='word_1_161' title='bbox 581 2441 739 2505; x_wconf 87' lang='lat' dir='ltr'>thematis</span> <span class='ocrx_word' id='word_1_162' title='bbox 755 2442 870 2517; x_wconf 84' lang='lat' dir='ltr'>facere,</span> <span class='ocrx_word' id='word_1_163' title='bbox 887 2445 946 2509; x_wconf 91' lang='lat' dir='ltr'>sed</span> <span class='ocrx_word' id='word_1_164' title='bbox 964 2454 1122 2509; x_wconf 88' lang='lat' dir='ltr'>tenentur</span> <span class='ocrx_word' id='word_1_165' title='bbox 1143 2444 1323 2528; x_wconf 84' lang='lat' dir='ltr'>praedicare</span> <span class='ocrx_word' id='word_1_166' title='bbox 1341 2443 1498 2507; x_wconf 89' lang='lat' dir='ltr'>veritates</span> <span class='ocrx_word' id='word_1_167' title='bbox 1520 2443 1569 2504; x_wconf 86' lang='lat' dir='ltr'>di·</span> 
     </span>
     <span class='ocr_line' id='line_1_18' title="bbox 209 2561 1570 2645; baseline -0.003 -18"><span class='ocrx_word' id='word_1_168' title='bbox 209 2563 296 2627; x_wconf 83' lang='lat' dir='ltr'>vinae</span> <span class='ocrx_word' id='word_1_169' title='bbox 319 2563 489 2645; x_wconf 89' lang='lat' dir='ltr'>scripturae</span> <span class='ocrx_word' id='word_1_170' title='bbox 511 2572 627 2644; x_wconf 90' lang='lat' dir='ltr'>aperte</span> <span class='ocrx_word' id='word_1_171' title='bbox 650 2561 790 2626; x_wconf 91' lang='lat' dir='ltr'>dicendo</span> <span class='ocrx_word' id='word_1_172' title='bbox 813 2573 847 2626; x_wconf 92' lang='lat' dir='ltr'>et</span> <span class='ocrx_word' id='word_1_173' title='bbox 869 2563 1078 2643; x_wconf 87' lang='lat' dir='ltr'>declarand0,</span> <span class='ocrx_word' id='word_1_174' title='bbox 1101 2574 1139 2629; x_wconf 90' lang='lat' dir='ltr'>ut</span> <span class='ocrx_word' id='word_1_175' title='bbox 1162 2564 1250 2627; x_wconf 92' lang='lat' dir='ltr'>dixit</span> <span class='ocrx_word' id='word_1_176' title='bbox 1277 2564 1366 2627; x_wconf 87' lang='lat' dir='ltr'>idem</span> <span class='ocrx_word' id='word_1_177' title='bbox 1396 2562 1570 2644; x_wconf 91' lang='lat' dir='ltr'>episcopus</span> 
     </span>
     <span class='ocr_line' id='line_1_19' title="bbox 209 2682 1570 2767; baseline -0.005 -16"><span class='ocrx_word' id='word_1_178' title='bbox 209 2685 297 2753; x_wconf 81' lang='lat' dir='ltr'>sicut</span> <span class='ocrx_word' id='word_1_179' title='bbox 319 2683 417 2747; x_wconf 90' lang='lat' dir='ltr'>michi</span> <span class='ocrx_word' id='word_1_180' title='bbox 438 2683 524 2747; x_wconf 92' lang='lat' dir='ltr'>dixit</span> <span class='ocrx_word' id='word_1_181' title='bbox 546 2683 722 2765; x_wconf 82' lang='lat' dir='ltr'>praedictus</span> <span class='ocrx_word' id='word_1_182' title='bbox 740 2685 898 2767; x_wconf 89' lang='lat' dir='ltr'>magister</span> <span class='ocrx_word' id='word_1_183' title='bbox 914 2685 995 2750; x_wconf 87' lang='lat' dir='ltr'>Orle</span> <span class='ocrx_word' id='word_1_184' title='bbox 1016 2705 1118 2750; x_wconf 86' lang='lat' dir='ltr'>sacrae</span> <span class='ocrx_word' id='word_1_185' title='bbox 1139 2684 1316 2767; x_wconf 89' lang='lat' dir='ltr'>theologiae</span> <span class='ocrx_word' id='word_1_186' title='bbox 1337 2682 1570 2759; x_wconf 90' lang='lat' dir='ltr'>baccalaurius,</span> 
     </span>
     <span class='ocr_line' id='line_1_20' title="bbox 211 2802 1570 2888; baseline -0.003 -18"><span class='ocrx_word' id='word_1_187' title='bbox 211 2814 245 2870; x_wconf 92' lang='lat' dir='ltr'>et</span> <span class='ocrx_word' id='word_1_188' title='bbox 262 2814 388 2887; x_wconf 88' lang='lat' dir='ltr'>postea,</span> <span class='ocrx_word' id='word_1_189' title='bbox 407 2814 444 2867; x_wconf 92' lang='lat' dir='ltr'>ut</span> <span class='ocrx_word' id='word_1_190' title='bbox 460 2803 559 2868; x_wconf 91' lang='lat' dir='ltr'>michi</span> <span class='ocrx_word' id='word_1_191' title='bbox 578 2805 705 2882; x_wconf 90' lang='lat' dir='ltr'>dicitur,</span> <span class='ocrx_word' id='word_1_192' title='bbox 725 2805 815 2868; x_wconf 91' lang='lat' dir='ltr'>idem</span> <span class='ocrx_word' id='word_1_193' title='bbox 831 2805 1006 2888; x_wconf 91' lang='lat' dir='ltr'>episcopus</span> <span class='ocrx_word' id='word_1_194' title='bbox 1028 2806 1221 2888; x_wconf 84' lang='lat' dir='ltr'>praedicavit</span> <span class='ocrx_word' id='word_1_195' title='bbox 1243 2813 1276 2869; x_wconf 91' lang='lat' dir='ltr'>et</span> <span class='ocrx_word' id='word_1_196' title='bbox 1299 2802 1478 2887; x_wconf 72' lang='lat' dir='ltr'>praedicari&#39;</span> <span class='ocrx_word' id='word_1_197' title='bbox 1492 2802 1570 2866; x_wconf 84' lang='lat' dir='ltr'>fecit</span> 
     </span>
     <span class='ocr_line' id='line_1_21' title="bbox 211 2921 1570 3008; baseline -0.002 -20"><span class='ocrx_word' id='word_1_198' title='bbox 211 2925 246 2988; x_wconf 93' lang='lat' dir='ltr'>in</span> <span class='ocrx_word' id='word_1_199' title='bbox 267 2947 326 2989; x_wconf 94' lang='lat' dir='ltr'>sua</span> <span class='ocrx_word' id='word_1_200' title='bbox 349 2926 472 2988; x_wconf 90' lang='lat' dir='ltr'>diocesi</span> <span class='ocrx_word' id='word_1_201' title='bbox 496 2926 542 2988; x_wconf 93' lang='lat' dir='ltr'>ita</span> <span class='ocrx_word' id='word_1_202' title='bbox 562 2926 652 3008; x_wconf 92' lang='lat' dir='ltr'>quod</span> <span class='ocrx_word' id='word_1_203' title='bbox 674 2925 776 3008; x_wconf 90' lang='lat' dir='ltr'>aliqui</span> <span class='ocrx_word' id='word_1_204' title='bbox 798 2926 1010 3005; x_wconf 89' lang='lat' dir='ltr'>mirabantur,</span> <span class='ocrx_word' id='word_1_205' title='bbox 1031 2927 1188 3004; x_wconf 89' lang='lat' dir='ltr'>dicentes,</span> <span class='ocrx_word' id='word_1_206' title='bbox 1205 2926 1396 3007; x_wconf 89' lang='lat' dir='ltr'>‘episcopus</span> <span class='ocrx_word' id='word_1_207' title='bbox 1418 2924 1480 2987; x_wconf 90' lang='lat' dir='ltr'>iste</span> <span class='ocrx_word' id='word_1_208' title='bbox 1499 2921 1570 3005; x_wconf 87' lang='lat' dir='ltr'>jam</span> 
     </span>
     <span class='ocr_line' id='line_1_22' title="bbox 211 3043 1568 3129; baseline -0.003 -19"><span class='ocrx_word' id='word_1_209' title='bbox 211 3046 371 3129; x_wconf 77' lang='lat' dir='ltr'>praedicat</span> <span class='ocrx_word' id='word_1_210' title='bbox 401 3046 532 3128; x_wconf 92' lang='lat' dir='ltr'>publice</span> <span class='ocrx_word' id='word_1_211' title='bbox 562 3055 599 3110; x_wconf 92' lang='lat' dir='ltr'>ut</span> <span class='ocrx_word' id='word_1_212' title='bbox 624 3047 780 3110; x_wconf 89' lang='lat' dir='ltr'>ostendat</span> <span class='ocrx_word' id='word_1_213' title='bbox 804 3047 893 3110; x_wconf 86' lang='lat' dir='ltr'>iacto</span> <span class='ocrx_word' id='word_1_214' title='bbox 923 3067 983 3111; x_wconf 90' lang='lat' dir='ltr'>suo</span> <span class='ocrx_word' id='word_1_215' title='bbox 1010 3047 1210 3110; x_wconf 92' lang='lat' dir='ltr'>contrarium</span> <span class='ocrx_word' id='word_1_216' title='bbox 1241 3045 1328 3108; x_wconf 91' lang='lat' dir='ltr'>illius</span> <span class='ocrx_word' id='word_1_217' title='bbox 1358 3043 1447 3127; x_wconf 93' lang='lat' dir='ltr'>quod</span> <span class='ocrx_word' id='word_1_218' title='bbox 1477 3043 1568 3125; x_wconf 91' lang='lat' dir='ltr'>prius</span> 
     </span>
     <span class='ocr_line' id='line_1_23' title="bbox 210 3164 528 3232; baseline -0.003 -1"><span class='ocrx_word' id='word_1_219' title='bbox 210 3167 300 3232; x_wconf 87' lang='lat' dir='ltr'>dixit</span> <span class='ocrx_word' id='word_1_220' title='bbox 323 3189 384 3232; x_wconf 90' lang='lat' dir='ltr'>suo</span> <span class='ocrx_word' id='word_1_221' title='bbox 404 3164 528 3230; x_wconf 90' lang='lat' dir='ltr'>verb0.&#39;</span> 
     </span>
    </p>

    <p class='ocr_par' dir='ltr' id='par_1_3' title="bbox 211 3279 1570 3732">
     <span class='ocr_line' id='line_1_24' title="bbox 299 3279 1568 3371; baseline -0.002 -21"><span class='ocrx_word' id='word_1_222' title='bbox 299 3297 333 3364; x_wconf 85' lang='lat' dir='ltr'>[p.</span> <span class='ocrx_word' id='word_1_223' title='bbox 356 3297 425 3363; x_wconf 68' lang='lat'><strong>386]</strong></span> <span class='ocrx_word' id='word_1_224' title='bbox 470 3287 574 3352; x_wconf 91' lang='lat' dir='ltr'>Anno</span> <span class='ocrx_word' id='word_1_225' title='bbox 596 3288 734 3353; x_wconf 90' lang='lat' dir='ltr'>Domini</span> <span class='ocrx_word' id='word_1_226' title='bbox 764 3288 842 3371; x_wconf 91' lang='lat' dir='ltr'>Jesu</span> <span class='ocrx_word' id='word_1_227' title='bbox 874 3295 945 3351; x_wconf 70' lang='lat' dir='ltr'>mm⁰</span> <span class='ocrx_word' id='word_1_228' title='bbox 974 3307 1048 3351; x_wconf 92' lang='lat' dir='ltr'>cccc</span> <span class='ocrx_word' id='word_1_229' title='bbox 1079 3287 1356 3371; x_wconf 89' lang='lat' dir='ltr'>quinquagesimo</span> <span class='ocrx_word' id='word_1_230' title='bbox 1378 3285 1417 3369; x_wconf 86' lang='lat' dir='ltr'>ij⁰</span> <span class='ocrx_word' id='word_1_231' title='bbox 1446 3293 1480 3349; x_wconf 93' lang='lat' dir='ltr'>et</span> <span class='ocrx_word' id='word_1_232' title='bbox 1510 3279 1568 3366; x_wconf 80' lang='lat' dir='ltr'>tij0&#39;,</span> 
     </span>
     <span class='ocr_line' id='line_1_25' title="bbox 212 3406 1568 3486; baseline -0.004 -12"><span class='ocrx_word' id='word_1_233' title='bbox 212 3419 364 3486; x_wconf 88' lang='lat' dir='ltr'>rectores,</span> <span class='ocrx_word' id='word_1_234' title='bbox 389 3409 509 3481; x_wconf 90' lang='lat' dir='ltr'>vicarii,</span> <span class='ocrx_word' id='word_1_235' title='bbox 540 3419 574 3471; x_wconf 89' lang='lat' dir='ltr'>et</span> <span class='ocrx_word' id='word_1_236' title='bbox 604 3410 792 3474; x_wconf 90' lang='lat' dir='ltr'>sacerdotes</span> <span class='ocrx_word' id='word_1_237' title='bbox 822 3411 855 3473; x_wconf 92' lang='lat' dir='ltr'>in</span> <span class='ocrx_word' id='word_1_238' title='bbox 881 3408 1012 3486; x_wconf 90' lang='lat' dir='ltr'>Wallia,</span> <span class='ocrx_word' id='word_1_239' title='bbox 1039 3406 1201 3471; x_wconf 92' lang='lat' dir='ltr'>habentes</span> <span class='ocrx_word' id='word_1_240' title='bbox 1227 3406 1426 3471; x_wconf 89' lang='lat' dir='ltr'>concubinas</span> <span class='ocrx_word' id='word_1_241' title='bbox 1456 3425 1568 3472; x_wconf 89' lang='lat' dir='ltr'>secum</span> 
     </span>
     <span class='ocr_line' id='line_1_26' title="bbox 211 3527 1568 3611; baseline -0.001 -17"><span class='ocrx_word' id='word_1_242' title='bbox 211 3531 246 3595; x_wconf 90' lang='lat' dir='ltr'>in</span> <span class='ocrx_word' id='word_1_243' title='bbox 268 3529 424 3593; x_wconf 92' lang='lat' dir='ltr'>domibus</span> <span class='ocrx_word' id='word_1_244' title='bbox 444 3549 557 3592; x_wconf 87' lang='lat' dir='ltr'>eorum</span> <span class='ocrx_word' id='word_1_245' title='bbox 579 3540 823 3594; x_wconf 89' lang='lat' dir='ltr'>commorantes</span> <span class='ocrx_word' id='word_1_246' title='bbox 845 3530 1003 3593; x_wconf 91' lang='lat' dir='ltr'>dixerunt</span> <span class='ocrx_word' id='word_1_247' title='bbox 1024 3528 1180 3611; x_wconf 90' lang='lat' dir='ltr'>episcopo</span> <span class='ocrx_word' id='word_1_248' title='bbox 1202 3547 1273 3605; x_wconf 90' lang='lat' dir='ltr'>suo,</span> <span class='ocrx_word' id='word_1_249' title='bbox 1289 3527 1490 3606; x_wconf 87' lang='lat' dir='ltr'>Menevensi,</span> <span class='ocrx_word' id='word_1_250' title='bbox 1509 3529 1529 3591; x_wconf 89' lang='lat' dir='ltr'>i.</span> <span class='ocrx_word' id='word_1_251' title='bbox 1540 3549 1568 3592; x_wconf 91' lang='lat' dir='ltr'>e.</span> 
     </span>
     <span class='ocr_line' id='line_1_27' title="bbox 212 3647 1570 3732; baseline -0.002 -17"><span class='ocrx_word' id='word_1_252' title='bbox 212 3648 328 3715; x_wconf 87' lang='lat' dir='ltr'>Sancti</span> <span class='ocrx_word' id='word_1_253' title='bbox 352 3649 472 3727; x_wconf 91' lang='lat' dir='ltr'>David,</span> <span class='ocrx_word' id='word_1_254' title='bbox 495 3649 566 3732; x_wconf 87' lang='lat' dir='ltr'>ejus</span> <span class='ocrx_word' id='word_1_255' title='bbox 589 3670 710 3715; x_wconf 90' lang='lat' dir='ltr'>nomen</span> <span class='ocrx_word' id='word_1_256' title='bbox 735 3650 796 3715; x_wconf 85' lang='lat' dir='ltr'>suit</span> <span class='ocrx_word' id='word_1_257' title='bbox 820 3651 874 3713; x_wconf 94' lang='lat' dir='ltr'>De</span> <span class='ocrx_word' id='word_1_258' title='bbox 896 3648 929 3713; x_wconf 93' lang='lat' dir='ltr'>la</span> <span class='ocrx_word' id='word_1_259' title='bbox 951 3649 1036 3712; x_wconf 91' lang='lat' dir='ltr'>Bere</span> <span class='ocrx_word' id='word_1_260' title='bbox 1045 3647 1065 3727; x_wconf 89' lang='lat'>¹,</span> <span class='ocrx_word' id='word_1_261' title='bbox 1090 3647 1139 3712; x_wconf 91' lang='lat' dir='ltr'>‘O</span> <span class='ocrx_word' id='word_1_262' title='bbox 1162 3648 1297 3712; x_wconf 91' lang='lat' dir='ltr'>domine</span> <span class='ocrx_word' id='word_1_263' title='bbox 1324 3647 1486 3730; x_wconf 89' lang='lat' dir='ltr'>episcope,</span> <span class='ocrx_word' id='word_1_264' title='bbox 1509 3666 1570 3712; x_wconf 88' lang='lat' dir='ltr'>nos</span> 
     </span>
    </p>
   </div>
   <div class='ocr_carea' id='block_1_3' title="bbox 213 3770 1570 3850">
    <p class='ocr_par' dir='ltr' id='par_1_4' title="bbox 213 3770 1570 3850">
     <span class='ocr_line' id='line_1_28' title="bbox 213 3770 1570 3850; baseline -0.001 -16"><span class='ocrx_word' id='word_1_265' title='bbox 213 3771 402 3835; x_wconf 88' lang='lat' dir='ltr'>sacerdotes</span> <span class='ocrx_word' id='word_1_266' title='bbox 432 3771 573 3835; x_wconf 89' lang='lat' dir='ltr'>diocesis</span> <span class='ocrx_word' id='word_1_267' title='bbox 599 3780 717 3835; x_wconf 87' lang='lat' dir='ltr'>vestrae</span> <span class='ocrx_word' id='word_1_268' title='bbox 749 3771 869 3835; x_wconf 92' lang='lat' dir='ltr'>timore</span> <span class='ocrx_word' id='word_1_269' title='bbox 896 3771 960 3834; x_wconf 91' lang='lat' dir='ltr'>Dei</span> <span class='ocrx_word' id='word_1_270' title='bbox 992 3770 1083 3835; x_wconf 92' lang='lat' dir='ltr'>ducti</span> <span class='ocrx_word' id='word_1_271' title='bbox 1113 3779 1147 3834; x_wconf 92' lang='lat' dir='ltr'>et</span> <span class='ocrx_word' id='word_1_272' title='bbox 1179 3777 1269 3833; x_wconf 93' lang='lat' dir='ltr'>metu</span> <span class='ocrx_word' id='word_1_273' title='bbox 1296 3789 1405 3850; x_wconf 89' lang='lat' dir='ltr'>poenae</span> <span class='ocrx_word' id='word_1_274' title='bbox 1436 3779 1570 3834; x_wconf 88' lang='lat' dir='ltr'>aetemae</span> 
     </span>
    </p>
   </div>
   <div class='ocr_carea' id='block_1_4' title="bbox 61 3858 1571 4097">
    <p class='ocr_par' dir='ltr' id='par_1_5' title="bbox 61 3858 1571 4097">
     <span class='ocr_line' id='line_1_29' title="bbox 61 3858 1570 3975; baseline -0.003 -18"><span class='ocrx_word' id='word_1_275' title='bbox 61 3858 87 3917; x_wconf 33' lang='grc' dir='ltr'>’,ζ</span> <span class='ocrx_word' id='word_1_276' title='bbox 108 3860 152 3899; x_wconf 54' lang='lat'>⁵³⁷</span> <span class='ocrx_word' id='word_1_277' title='bbox 212 3891 333 3957; x_wconf 85' lang='lat' dir='ltr'>suturae</span> <span class='ocrx_word' id='word_1_278' title='bbox 369 3892 606 3974; x_wconf 90' lang='lat' dir='ltr'>peccatoribus,</span> <span class='ocrx_word' id='word_1_279' title='bbox 644 3893 869 3975; x_wconf 89' lang='lat' dir='ltr'>supplicamus</span> <span class='ocrx_word' id='word_1_280' title='bbox 907 3892 1099 3974; x_wconf 90' lang='lat' dir='ltr'>paternitati</span> <span class='ocrx_word' id='word_1_281' title='bbox 1135 3899 1263 3968; x_wconf 89' lang='lat' dir='ltr'>vestrae,</span> <span class='ocrx_word' id='word_1_282' title='bbox 1300 3899 1337 3953; x_wconf 91' lang='lat' dir='ltr'>ut</span> <span class='ocrx_word' id='word_1_283' title='bbox 1373 3889 1570 3955; x_wconf 87' lang='lat' dir='ltr'>auctoritate</span> 
     </span>
     <span class='ocr_line' id='line_1_30' title="bbox 212 4011 1571 4097; baseline -0.002 -21"><span class='ocrx_word' id='word_1_284' title='bbox 212 4023 322 4076; x_wconf 88' lang='lat' dir='ltr'>vestra</span> <span class='ocrx_word' id='word_1_285' title='bbox 350 4012 531 4096; x_wconf 89' lang='lat' dir='ltr'>pontificali</span> <span class='ocrx_word' id='word_1_286' title='bbox 561 4013 688 4079; x_wconf 78' lang='lat' dir='ltr'>faciatis</span> <span class='ocrx_word' id='word_1_287' title='bbox 718 4036 776 4078; x_wconf 91' lang='lat' dir='ltr'>seu</span> <span class='ocrx_word' id='word_1_288' title='bbox 807 4013 1014 4097; x_wconf 87' lang='lat' dir='ltr'>compellatis</span> <span class='ocrx_word' id='word_1_289' title='bbox 1036 4011 1237 4076; x_wconf 88' lang='lat' dir='ltr'>concubinas</span> <span class='ocrx_word' id='word_1_290' title='bbox 1263 4019 1391 4075; x_wconf 87' lang='lat' dir='ltr'>nostras</span> <span class='ocrx_word' id='word_1_291' title='bbox 1418 4011 1571 4076; x_wconf 89' lang='lat' dir='ltr'>recedere</span> 
     </span>
    </p>
   </div>
   <div class='ocr_carea' id='block_1_5' title="bbox 212 4132 1569 4219">
    <p class='ocr_par' dir='ltr' id='par_1_6' title="bbox 212 4132 1569 4219">
     <span class='ocr_line' id='line_1_31' title="bbox 212 4132 1569 4219; baseline -0.004 -19"><span class='ocrx_word' id='word_1_292' title='bbox 212 4145 248 4200; x_wconf 83' lang='lat' dir='ltr'>et</span> <span class='ocrx_word' id='word_1_293' title='bbox 277 4135 310 4197; x_wconf 93' lang='lat' dir='ltr'>in</span> <span class='ocrx_word' id='word_1_294' title='bbox 341 4145 537 4218; x_wconf 90' lang='lat' dir='ltr'>perpetuum</span> <span class='ocrx_word' id='word_1_295' title='bbox 568 4137 710 4219; x_wconf 90' lang='lat' dir='ltr'>separari</span> <span class='ocrx_word' id='word_1_296' title='bbox 741 4157 761 4199; x_wconf 89' lang='lat' dir='ltr'>a</span> <span class='ocrx_word' id='word_1_297' title='bbox 792 4136 888 4199; x_wconf 79' lang='lat' dir='ltr'>nobis</span> <span class='ocrx_word' id='word_1_298' title='bbox 920 4145 954 4198; x_wconf 93' lang='lat' dir='ltr'>et</span> <span class='ocrx_word' id='word_1_299' title='bbox 984 4156 1004 4197; x_wconf 88' lang='lat' dir='ltr'>a</span> <span class='ocrx_word' id='word_1_300' title='bbox 1034 4134 1188 4199; x_wconf 86' lang='lat' dir='ltr'>domibus</span> <span class='ocrx_word' id='word_1_301' title='bbox 1218 4132 1358 4208; x_wconf 83' lang='lat' dir='ltr'>nostris3</span> <span class='ocrx_word' id='word_1_302' title='bbox 1391 4153 1452 4197; x_wconf 88' lang='lat' dir='ltr'>nos</span> <span class='ocrx_word' id='word_1_303' title='bbox 1481 4132 1569 4198; x_wconf 92' lang='lat' dir='ltr'>enim</span> 
     </span>
    </p>
   </div>
   <div class='ocr_carea' id='block_1_6' title="bbox 452 4266 1341 4419">
    <p class='ocr_par' dir='ltr' id='par_1_7' title="bbox 452 4266 1341 4419">
     <span class='ocr_line' id='line_1_32' title="bbox 452 4266 1341 4336; baseline 0 -17"><span class='ocrx_word' id='word_1_304' title='bbox 452 4269 460 4298; x_wconf 93' lang='lat'><strong>¹</strong></span> <span class='ocrx_word' id='word_1_305' title='bbox 478 4270 623 4336; x_wconf 86' lang='lat' dir='ltr'>Previously</span> <span class='ocrx_word' id='word_1_306' title='bbox 635 4272 706 4323; x_wconf 85' lang='lat' dir='ltr'>Dean</span> <span class='ocrx_word' id='word_1_307' title='bbox 719 4271 748 4321; x_wconf 83' lang='lat' dir='ltr'>os</span> <span class='ocrx_word' id='word_1_308' title='bbox 756 4271 843 4322; x_wconf 87' lang='lat' dir='ltr'>Wells.</span> <span class='ocrx_word' id='word_1_309' title='bbox 879 4271 974 4335; x_wconf 88' lang='lat' dir='ltr'>Bishop</span> <span class='ocrx_word' id='word_1_310' title='bbox 985 4270 1014 4320; x_wconf 83' lang='lat' dir='ltr'>of</span> <span class='ocrx_word' id='word_1_311' title='bbox 1022 4271 1047 4321; x_wconf 87' lang='lat' dir='ltr'>S.</span> <span class='ocrx_word' id='word_1_312' title='bbox 1059 4268 1174 4330; x_wconf 74' lang='lat' dir='ltr'>David’s,</span> <span class='ocrx_word' id='word_1_313' title='bbox 1188 4266 1341 4335; x_wconf 75' lang='lat'>1447-1460.</span> 
     </span>
     <span class='ocr_line' id='line_1_33' title="bbox 865 4369 922 4419; baseline 0.018 -1"><span class='ocrx_word' id='word_1_314' title='bbox 865 4369 886 4418; x_wconf 86' lang='lat' dir='ltr'>F</span> <span class='ocrx_word' id='word_1_315' title='bbox 904 4373 922 4419; x_wconf 79' lang='lat'>2</span> 
     </span>
    </p>
   </div>
   <div class='ocr_carea' id='block_1_7' title="bbox 0 0 1914 4904">
    <p class='ocr_par' dir='ltr' id='par_1_8' title="bbox 0 0 1914 4904">
     <span class='ocr_line' id='line_1_34' title="bbox 0 0 1914 4904; baseline 0 0"><span class='ocrx_word' id='word_1_316' title='bbox 0 0 1914 4904; x_wconf 95' lang='lat' dir='ltr'> </span> 
     </span>
    </p>
   </div>
  </div>
 </body>
</html>
