3818 4904
676 436 774 489 LOCI
800 437 829 488 E
858 436 982 490 LIBRO
1018 436 1276 490 VERJTATUM.
1593 445 1653 509 109

301 650 472 714 consilium
500 649 615 712 talium
642 661 814 726 rectorum,
840 651 929 713 unde
955 661 1032 714 tunc
1059 651 1191 715 suerunt
1221 671 1334 733 paucae
1361 650 1654 732 implacitaciones,

302 793 362 836 nec
389 773 539 835 acciones
565 792 623 853 per
649 772 785 854 legistas
811 781 845 835 et
867 771 1011 854 juristas,
1031 774 1109 854 quia
1135 792 1250 855 paucae
1281 780 1373 834 erant
1398 771 1549 852 querelae,
1574 773 1653 853 quin

301 893 416 956 statim
447 902 573 956 exortae
605 891 706 955 finitae
745 902 837 956 erant
871 903 905 957 et
941 895 1058 976 sopitae
1097 893 1180 957 infra
1209 893 1409 977 parochiam,
1442 914 1501 974 per
1529 893 1654 955 bonum

302 1014 449 1077 laborem
476 1024 508 1077 et
533 1014 742 1096 diligenciam
771 1015 1022 1097 praesidencium
1047 1025 1080 1078 et
1106 1026 1280 1078 rectorum.
1327 1013 1395 1078 Sed
1415 1013 1494 1096 jam,
1518 1034 1577 1095 per
1597 1015 1655 1076 de-

301 1135 424 1198 fectum
449 1134 565 1197 talium
589 1134 751 1197 bonorum
777 1148 948 1213 rectorum,
964 1136 1047 1211 lites,
1072 1136 1223 1217 querelae,
1247 1136 1476 1212 dissensiones
1494 1135 1654 1208 acciones,

302 1255 583 1336 implacitaciones
620 1255 880 1337 multiplicantur
916 1264 949 1318 et
987 1256 1229 1330 continuantur,
1267 1264 1300 1318 et
1334 1255 1379 1318 sic
1417 1263 1656 1337 consequenter

302 1376 397 1448 bona,
414 1397 473 1460 per
495 1397 571 1458 quae
594 1385 708 1438 sancta
731 1397 832 1458 opera
855 1376 1095 1458 perficerentur,
1112 1376 1337 1458 multiplicatis
1359 1377 1481 1441 talibus
1504 1375 1655 1457 querelis,

303 1497 438 1579 legistis,
465 1506 498 1559 et
526 1496 703 1572 advocatis,
728 1507 761 1559 et
788 1496 1015 1559 defensoribus
1045 1496 1264 1571 conseruntur,
1293 1498 1388 1574 unde,
1414 1516 1472 1578 per
1498 1495 1656 1577 multipli-

301 1617 470 1681 cacionem
501 1617 617 1680 talium
653 1617 894 1679 dissensionum
931 1627 964 1680 et
999 1617 1178 1695 accionum,
1208 1638 1267 1699 per
1298 1617 1463 1680 defectum
1493 1616 1655 1679 bonorum

302 1749 476 1813 rectorum,
504 1738 537 1799 in
561 1738 645 1800 curis
675 1737 902 1815 residencium,
923 1737 993 1818 jam
1021 1738 1126 1818 magis
1155 1758 1256 1819 quam
1287 1737 1468 1818 antiquitus
1500 1735 1656 1819 multipli-

302 1868 419 1923 cantur
446 1857 582 1939 legistae,
603 1856 738 1939 juristae,
765 1866 799 1920 et
822 1858 983 1935 advocati,
1006 1866 1039 1921 et
1062 1857 1249 1920 defensores
1275 1857 1446 1926 malorum,
1470 1858 1525 1938 qui
1551 1857 1656 1919 malos

303 1998 362 2060 pro
392 1997 503 2040 amore
534 1976 632 2051 malo,
659 1976 712 2040 vel
743 1978 951 2063 prontimore
982 1976 1079 2054 malo,
1105 1976 1296 2054 defendunt,
1324 1986 1357 2040 et
1391 1987 1503 2040 tamen
1534 1976 1656 2060 pluries

302 2118 411 2162 causae
429 2097 522 2176 tales,
545 2105 621 2179 post
644 2096 778 2178 longam
802 2097 1063 2179 placitacionem‚
1088 2107 1120 2160 et
1144 2106 1220 2178 post
1244 2117 1380 2178 magnas
1403 2117 1577 2179 expensas,
1598 2116 1658 2179 per

302 2226 481 2282 tractatum
510 2238 705 2300 magnorum
731 2218 832 2280 finem
859 2238 955 2280 suum
977 2218 1112 2295 habent,
1139 2228 1172 2280 et
1199 2219 1425 2294 terminantur,
1450 2228 1483 2282 et
1507 2217 1579 2281 haec
1606 2228 1657 2282 est

301 2341 366 2404 alia
387 2339 543 2420 iniquitas
562 2360 636 2420 quae
657 2340 946 2421 appropriaciones
967 2339 1183 2402 consecuitur.
1223 2339 1383 2402 Rectores
1399 2341 1487 2402 enim
1502 2339 1580 2401 boni
1597 2360 1657 2420 pro

302 2459 510 2543 parochianis
532 2470 672 2538 orarent,
696 2468 901 2522 sacramenta
926 2459 1157 2537 ministrarent,
1175 2470 1208 2522 et
1231 2459 1403 2524 consilium
1426 2459 1551 2522 bonum
1574 2480 1657 2541 prae-

301 2581 417 2643 berent
444 2588 477 2642 et
506 2579 709 2661 exemplum,
734 2577 996 2660 hospitalitatem
1023 2589 1181 2656 tenerent,
1208 2580 1380 2661 perbona
1407 2589 1440 2643 et
1463 2580 1609 2643 decimas
1637 2601 1657 2643 a

303 2702 377 2764 Deo
397 2701 444 2763 eis
459 2699 587 2777 collata,
606 2709 639 2764 et
656 2701 881 2782 praedicarent,
899 2709 933 2763 et
951 2700 1106 2763 veritates
1126 2700 1325 2764 necessarias
1349 2711 1382 2764 et
1398 2701 1494 2764 utiles
1516 2700 1657 2763 subditis

302 2821 548 2897 annunciarent,
579 2841 638 2902 per
671 2842 752 2902 quas
786 2820 997 2902 operaciones
1028 2828 1061 2883 et
1092 2841 1151 2903 per
1188 2831 1281 2884 actus
1318 2822 1494 2903 praedictos
1531 2820 1658 2884 habiles

304 2950 416 3005 essent
445 2949 479 3003 et
501 2941 651 3022 dispositi
674 2942 717 3003 ad
741 2942 826 3003 bene
846 2941 1022 3003 vivendum
1046 2949 1080 3003 et
1100 2941 1185 3003 bene
1205 2943 1420 3023 operandum,
1439 2953 1473 3007 et
1496 2963 1555 3024 per
1577 2942 1658 3005 istos

303 3071 398 3125 actus
419 3060 607 3143 parochiani
631 3061 781 3143 dispositi
804 3069 914 3123 essent
935 3061 978 3123 ad
999 3060 1141 3124 fructum
1164 3061 1360 3141 capiendum
1382 3060 1512 3126 illarum
1534 3063 1658 3125 oracio·

304 3200 383 3244 num
403 3201 487 3263 quas
510 3181 564 3243 alii
586 3190 681 3244 orant
704 3202 764 3263 pro
784 3182 839 3244 eis.
887 3179 939 3243 Illi
961 3190 1074 3244 autem
1096 3181 1215 3262 quibus
1238 3182 1383 3245 ecclesiae
1406 3184 1660 3264 appropriantur

303 3302 388 3365 sorte
404 3310 500 3365 orant
516 3322 576 3383 pro
597 3301 814 3384 parochianis,
830 3321 971 3383 quorum
986 3301 1075 3364 bona
1097 3301 1267 3382 recipiunt,
1283 3303 1341 3365 sed
1362 3312 1457 3366 actus
1476 3303 1658 3366 activorum

303 3424 437 3486 suntin
464 3422 616 3503 paciente
643 3423 814 3505 disposit0,
840 3444 883 3485 ex
913 3429 947 3483 2⁰
974 3423 1026 3485 De
1049 3420 1184 3486 Anima.
1241 3421 1292 3484 Illi
1323 3433 1435 3486 autem
1460 3423 1657 3506 parochiani,

303 3564 364 3626 pro
386 3542 506 3625 quibus
528 3543 778 3624 approprietarii
802 3552 907 3620 orant,
930 3562 996 3605 non
1020 3543 1181 3625 recipiunt
1205 3542 1389 3606 subsidium
1412 3542 1593 3626 temporale
1615 3542 1658 3604 ab

242 3744 249 3754 ⁶
304 3663 360 3739 eis,
384 3682 445 3726 nec
475 3661 744 3745 hospitalitatem,
776 3684 836 3726 nec
866 3663 1047 3740 consilium,
1074 3670 1134 3726 nec
1165 3663 1446 3745 praedicacionem,
1475 3684 1534 3726 nec
1565 3663 1660 3744 plura

303 3783 369 3848 alia
390 3784 478 3847 bona
499 3785 704 3864 necessaria;
728 3783 896 3865 quomodo
915 3804 993 3865 ergo
1016 3805 1075 3866 per
1096 3784 1200 3846 bonas
1220 3785 1387 3848 oraciones
1407 3784 1522 3847 talium
1540 3783 1660 3864 quibus

305 3904 452 3969 ecclesiae
475 3903 679 3987 parochiales
701 3907 964 3987 appropriantur,
988 3907 1209 3988 disponuntur
1237 3906 1426 3988 parochiani
1451 3907 1493 3968 ad
1518 3906 1659 3986 gratiam

304 4035 436 4110 gratum
464 4025 649 4104 facientem,
672 4025 725 4089 vel
756 4027 800 4089 ad
830 4025 970 4108 gloriam
1000 4028 1236 4109 sempiternam
1268 4026 1466 4103 habendam,
1493 4046 1569 4089 cum
1593 4046 1659 4089 non

304 4146 451 4210 habeant
474 4146 530 4209 illa
553 4167 628 4228 quae
653 4148 861 4230 requiruntur
886 4156 920 4210 et
944 4158 1244 4231 praesupponuntur
1266 4149 1309 4211 ad
1333 4147 1435 4211 talem
1458 4148 1602 4229 graciam
1626 4158 1661 4212 et

304 4268 467 4352 gloriam?
515 4266 581 4332 Sed
604 4289 663 4351 per
683 4269 945 4352 praedicaciones,
962 4270 1105 4348 consilia,
1122 4270 1313 4352 exemplum
1337 4270 1462 4333 bonum
1486 4278 1659 4342 rectorum,
