3818 4904
301 391 342 474 38
678 381 775 452 roci
801 397 831 450 E
860 397 984 452 rinno
1020 397 1277 453 ranimirus.

299 633 360 676 nec
379 632 533 694 vesperae,
551 620 584 674 et
608 611 640 673 in
665 611 726 674 ista
750 612 994 693 perturbatione
1018 612 1149 694 reliquit
1172 614 1337 694 predictus
1353 611 1521 693 Johannes
1541 611 1656 695 Kemp

296 753 393 795 suam
421 731 592 796 ecclesiam
621 731 875 809 Eboracensem‚
896 752 999 813 quum
1032 731 1094 796 luit
1124 732 1229 796 iactus
1255 733 1429 815 episcopus
1458 731 1654 807 Cantuariae,

255 935 260 942 ι
297 862 332 915 et
354 851 452 915 simul
474 872 549 915 cum
577 850 639 914 hoc
663 851 836 915 cardinalis
860 853 1034 933 episcopus
1057 852 1101 915 de
1124 852 1242 930 Roma,
1264 861 1297 915 et
1320 862 1391 916 tum
1420 852 1563 916 Romam
1589 874 1655 916 non

295 973 358 1036 ivit
380 992 440 1035 nec
463 973 596 1054 quando
620 971 680 1034 suit
702 972 967 1053 archiepiscopus
989 972 1209 1035 Eboracensis
1232 982 1266 1036 et
1286 973 1459 1036 cardinalis
1482 973 1654 1054 presbiter,

299 1113 359 1156 nec
386 1112 461 1154 cum
491 1091 552 1154 suit
582 1091 847 1173 archiepiscopus
874 1091 1122 1155 Cantuariensis
1147 1101 1180 1154 et
1211 1093 1384 1155 cardinalis
1415 1094 1597 1175 episcopus
1621 1101 1655 1156 et

299 1212 405 1276 malos
428 1221 461 1275 et
483 1221 659 1277 extraneos
681 1223 714 1275 et
734 1221 924 1276 curtesanos
940 1212 1110 1275 Romanos
1130 1212 1274 1294 providit
1293 1222 1326 1276 et
1347 1213 1446 1294 elegit
1468 1213 1498 1274 in
1517 1233 1654 1296 magnas

297 1333 477 1415 dignitates
499 1353 568 1394 suae
592 1331 739 1395 ecclesiae
764 1332 980 1395 Eboracensis
1004 1341 1037 1395 et
1061 1332 1094 1394 in
1118 1341 1259 1395 rectores
1282 1353 1350 1394 suae
1373 1333 1522 1396 diocesis.

384 1462 417 1528 [a
435 1460 504 1529 39¹]
551 1451 774 1516 Consimiliter
797 1452 914 1516 diversi
942 1452 1085 1534 episcopi
1109 1471 1197 1514 anno
1225 1450 1306 1528 1448
1331 1462 1364 1515 et
1391 1470 1473 1532 1449
1497 1452 1654 1517 favebant

297 1584 330 1639 et
359 1574 468 1636 verbis
498 1571 720 1635 defendebant
751 1572 942 1654 episcopum
974 1571 1210 1648 Assavensem‚
1237 1571 1416 1635 Wallicum
1447 1573 1580 1654 origine,
1608 1594 1653 1639 sc.

298 1693 520 1775 Reginaldum
543 1692 652 1756 Pecok
676 1694 817 1770 nomine,
840 1693 896 1774 qui
924 1694 1030 1774 primo
1054 1693 1289 1773 praedicaverat
1316 1692 1498 1756 Londoniis
1520 1693 1653 1775 puplice

295 1816 338 1878 ad
355 1833 484 1878 crucem
502 1812 615 1877 Sancti
633 1812 725 1874 Pauli
741 1813 886 1876 diversas
904 1813 1064 1875 absurdas
1085 1812 1318 1890 conclusiones,
1334 1832 1473 1894 quarum
1494 1834 1561 1876 una
1582 1813 1652 1892 fuit,

295 1945 332 1997 ut
358 1933 504 2017 episcopi
533 1953 597 1996 non
625 1942 779 1996 tenentur
804 1933 991 2015 praedicare,
1017 1944 1051 1996 et
1074 1933 1163 2015 quod
1190 1933 1286 1996 electi
1313 1934 1347 1996 in
1371 1935 1571 2016 episcopum,
1595 1935 1651 2016 qui

294 2075 361 2119 non
388 2063 526 2136 possunt
549 2074 621 2116 esse
644 2053 790 2135 episcopi
815 2053 876 2115 nisi
902 2053 991 2135 prius
1017 2054 1149 2116 solvunt
1173 2064 1238 2132 500
1260 2053 1312 2116 vel
1336 2053 1445 2135 plures
1469 2073 1651 2117 mercatum

248 2228 250 2233 .
293 2173 403 2237 Curiae
424 2174 596 2250 Romanae,
612 2194 677 2236 non
700 2174 913 2236 committunt
936 2183 1014 2236 tunc
1037 2174 1233 2255 symoniam,
1250 2192 1310 2236 nec
1326 2184 1465 2255 peccant
1486 2175 1519 2236 in
1538 2175 1651 2237 dando

293 2294 449 2376 pecunias
473 2293 545 2356 illas
561 2294 661 2375 Papae
684 2305 717 2358 et
735 2293 843 2357 Curiae
867 2294 1050 2367 Romanae3
1075 2303 1109 2357 et
1132 2293 1276 2377 episcopi
1300 2295 1418 2358 diversi
1442 2295 1472 2357 ei
1494 2294 1651 2361 favebant

293 2424 328 2478 et
352 2416 499 2477 unanimi
527 2434 688 2477 consensu
716 2415 744 2476 ei
772 2413 981 2490 assistebant,
1006 2414 1093 2476 idem
1121 2414 1332 2487 affirmantes,
1358 2414 1415 2477 sed
1441 2413 1539 2477 nichil
1563 2413 1652 2497 lege·

292 2535 375 2598 bant
405 2554 464 2597 nec
491 2535 523 2596 in
550 2535 679 2616 scriptis
707 2555 766 2616 pro
793 2555 834 2597 eo
866 2534 1143 2612 determinabant,
1167 2534 1318 2615 quamvis
1347 2534 1466 2597 diversi
1497 2535 1650 2599 doctores

291 2654 424 2738 puplice
447 2664 561 2718 contra
581 2655 722 2717 eundem
739 2654 928 2737 episcopum
945 2653 1109 2718 contraria
1129 2654 1291 2736 episcopis
1312 2654 1463 2736 legerunt
1484 2664 1518 2717 et
1540 2655 1650 2720 deter-

292 2776 498 2840 minaverunt
529 2775 719 2849 Londoniis,
750 2785 783 2838 et
811 2776 843 2836 in
874 2775 1086 2837 universitate
1124 2774 1358 2856 Cantabrigiae,
1389 2775 1526 2838 Oxonia
1556 2784 1648 2839 metu

290 2893 511 2977 displicenciae
527 2896 755 2978 episcoporum
772 2904 912 2959 tacente.
945 2894 1013 2959 Sed
1031 2896 1097 2958 duo
1112 2893 1228 2970 clerici,
1245 2896 1301 2976 qui
1317 2915 1377 2976 pro
1393 2905 1486 2977 parte
1502 2896 1648 2977 episcopi

290 3014 490 3079 Assavensis
513 3015 754 3094 laboraverunt,
777 3016 968 3079 defecerunt
988 3024 1174 3078 scrutantes
1194 3015 1365 3098 scrutinio,
1381 3017 1459 3098 quia
1483 3016 1647 3081 intentum

290 3155 386 3199 suum
410 3136 554 3198 invenire
577 3156 637 3200 nec
660 3138 800 3218 probare
823 3137 856 3199 in
877 3137 1039 3217 scriptura
1061 3144 1239 3218 potuerunt
1261 3136 1319 3199 sed
1343 3137 1491 3218 absorpti
1515 3135 1648 3199 suerunt

286 3255 391 3338 juncti
415 3265 527 3337 petrae,
548 3257 569 3319 i.
583 3276 611 3319 e.
628 3257 754 3320 confusi
778 3256 909 3321 suerunt
929 3277 1004 3321 cum
1028 3256 1115 3321 sacta
1138 3256 1199 3321 suit
1221 3255 1358 3321 collacio
1381 3257 1466 3320 inter
1489 3258 1590 3321 verba
1613 3266 1648 3323 et

288 3377 399 3459 glosas
422 3376 551 3439 illorum
575 3386 608 3440 et
632 3379 720 3441 dicta
744 3379 803 3441 Xti
827 3387 860 3442 et
884 3388 1073 3442 sanctorum
1096 3387 1211 3441 contra
1235 3397 1349 3441 eorum
1372 3377 1547 3442 intentum.

375 3505 408 3573 [p.
427 3505 496 3573 394]
540 3496 643 3561 Anno
668 3499 803 3562 Domini
830 3517 910 3582 1449
933 3508 967 3561 et
986 3499 1090 3562 eciam
1114 3508 1221 3576 antea,
1244 3499 1418 3580 episcopus
1433 3497 1646 3573 Assavensis,

289 3616 495 3699 Reginaldus
518 3617 636 3692 Pecok‚
668 3620 724 3701 qui
764 3630 879 3701 postea
911 3619 973 3683 suit
1011 3619 1185 3700 episcopus
1218 3618 1440 3695 CicestrensiS,
1471 3620 1578 3683 tenuit
1612 3628 1646 3682 et

288 3738 420 3820 puplice
446 3739 637 3820 praedicavit
664 3741 753 3822 quod
781 3741 891 3803 nullus
917 3740 1092 3824 episcopus
1122 3740 1154 3802 in
1181 3738 1245 3803 hoc
1271 3741 1363 3821 quod
1391 3748 1443 3803 est
1471 3740 1646 3821 episcopus

288 3868 421 3922 tenetur
443 3860 631 3940 praedicare‚
656 3870 690 3924 et
713 3859 780 3924 iere
802 3881 919 3925 omnes
943 3862 1097 3924 doctores
1117 3859 1262 3943 Angliae,
1284 3868 1364 3923 tunc
1392 3880 1426 3923 re
1450 3870 1484 3924 et
1511 3860 1645 3922 nomine

288 3977 416 4055 famosi,
439 3990 554 4044 contra
581 4001 656 4044 eum
681 3982 838 4045 dixerunt
865 3992 899 4045 et
923 3982 1121 4064 scripserunt
1152 3991 1266 4044 contra
1294 3980 1367 4061 ejus
1397 3978 1514 4045 salsam
1539 4000 1644 4043 asser-

288 4099 427 4162 cionem.
471 4101 559 4164 Tum
580 4101 724 4166 Oxoniae
745 4103 778 4164 in
798 4102 896 4166 scolis
917 4102 1057 4185 puplicis
1077 4122 1137 4185 per
1156 4102 1241 4164 duos
1264 4121 1368 4167 annos
1392 4121 1509 4183 parum
1530 4110 1645 4164 contra

289 4240 364 4282 eum
403 4220 525 4284 lectum
563 4223 615 4286 vel
653 4225 857 4305 disputatum
897 4222 967 4299 luit,
999 4233 1032 4287 et
1067 4242 1201 4287 causam
1240 4231 1357 4304 reputo
1394 4221 1493 4285 fuisse
1531 4220 1645 4284 defen-
