3818 4904
298 366 357 427 160
462 343 464 347 ’
669 368 769 428 zocl
794 375 823 427 a
853 372 976 427 alano
1011 372 1270 430 VERITATUM.

293 594 377 664 runt,
393 606 452 667 per
472 586 583 649 literas
598 607 675 651 suas
690 598 723 651 et
740 607 799 669 per
815 588 951 651 nuncios
966 583 1047 672 (sic),
1060 597 1096 650 ut
1111 587 1154 649 ad
1172 588 1339 650 civitatem
1357 585 1510 650 Pisanam
1526 606 1645 651 conve·

292 707 400 771 nirent
420 726 508 772 anno
530 707 665 770 Domini
686 726 777 790 1409.
821 707 1100 789 Vocaveruntque
1118 707 1301 770 cardinales
1321 707 1364 771 ad
1385 705 1448 770 hoc
1468 706 1645 771 concilium

292 828 448 893 Pisanum
476 849 569 910 reges
596 837 630 892 et
653 829 825 911 principes,
854 839 888 893 et
914 830 1067 893 dominos
1091 827 1263 904 seculares,
1287 838 1323 892 ut
1350 848 1409 910 per
1433 828 1568 909 seipsos,
1592 827 1644 890 vel

290 971 351 1033 per
370 961 599 1032 procuratores
624 970 701 1012 suos
723 950 766 1012 ad
794 947 858 1012 hoc
887 948 1050 1030 legittime
1074 949 1262 1030 deputatos,
1287 949 1408 1012 ibidem
1436 958 1644 1031 apparerent.

291 1070 453 1154 Gregorio
479 1082 591 1135 autem
622 1069 675 1152 xj⁰
704 1078 738 1133 et
768 1068 950 1132 Benedicto
972 1069 1047 1151 xiij⁰
1070 1070 1113 1133 de
1143 1070 1321 1152 praesulato
1346 1070 1501 1134 Romano
1532 1071 1644 1134 rixan-

289 1193 388 1272 tibus,
425 1200 648 1256 convenerunt
687 1190 730 1253 ad
768 1189 941 1253 concilium
980 1190 1012 1253 in
1051 1191 1184 1255 civitate
1222 1192 1424 1270 Pisanorum‚
1454 1192 1497 1255 de
1535 1191 1644 1274 regnis

290 1313 528 1389 Romanorum,
554 1310 807 1387 Almannorum,
835 1309 1044 1389 Francorum,
1072 1310 1270 1393 Anglorum‚
1298 1312 1507 1387 Polonorum,
1534 1310 1643 1375 Bohe·

289 1453 428 1509 morum,
460 1444 495 1497 et
529 1433 699 1495 nationum
736 1430 947 1508 diversarum,
977 1431 1181 1514 patriarchae,
1209 1432 1455 1517 archiepiscopi,
1487 1431 1643 1516 episcopi,

287 1555 435 1631 abbates,
474 1551 610 1636 praelati,
648 1552 844 1629 sacerdotes,
874 1561 907 1615 et
945 1552 1060 1631 clerici,
1090 1552 1251 1630 doctores,
1285 1563 1318 1617 et
1355 1553 1503 1635 magistri
1540 1573 1642 1619 sacrae

287 1674 491 1756 Theologiae,
512 1674 593 1755 juris
615 1675 794 1756 utriusque,
810 1683 844 1736 et
867 1671 962 1736 multi
985 1683 1214 1755 procuratores
1236 1674 1300 1753 alii,
1322 1677 1379 1756 qui
1402 1674 1447 1737 ibi
1471 1673 1642 1757 elegerunt

287 1794 320 1858 in
357 1815 480 1879 papam
517 1795 688 1858 dominum
727 1793 862 1857 Petrum
895 1793 937 1856 de
969 1790 1107 1866 Candia,
1137 1792 1272 1857 fratrem
1305 1794 1429 1857 ordinis
1467 1796 1641 1875 minorum,

286 1917 489 1981 cardinalem
519 1916 749 1999 presbiterum,
775 1912 862 1978 tituli
889 1912 936 1995 xij
965 1914 1201 1996 apostolorum,
1227 1915 1284 1997 qui
1311 1916 1484 1981 dicebatur
1510 1917 1641 1982 Medio·

286 2037 439 2117 lanensis,
464 2057 563 2120 quem
590 2037 808 2100 nominabant
834 2034 1068 2097 Alexandrum
1095 2037 1257 2116 quintum,
1281 2038 1337 2118 qui
1364 2058 1467 2120 parvo
1490 2047 1641 2120 tempore

285 2157 349 2223 suit
374 2178 472 2240 papa,
495 2157 610 2221 obiens
637 2157 669 2219 in
693 2156 827 2221 civitate
849 2154 1049 2218 Bononiensi
1078 2174 1166 2219 anno
1193 2156 1330 2221 Domini
1366 2175 1471 2235 ¹4¹03
1502 2167 1537 2224 et
1567 2169 1640 2222 tum

286 2277 411 2343 electus
441 2277 503 2342 luit
529 2278 563 2340 in
587 2297 710 2360 papam
733 2275 904 2356 Johannes
926 2292 966 2357 23
1000 2274 1169 2352 Bononiae,
1193 2279 1249 2358 qui
1276 2278 1479 2356 convocavit,
1505 2288 1641 2362 propter

269 2370 456 2464 'decretum
494 2398 642 2481 praedicti
674 2397 783 2460 Pisani
817 2395 954 2472 concilii,
984 2395 1160 2459 concilium
1196 2397 1350 2479 generale
1386 2398 1429 2463 ad
1467 2399 1636 2463 civitatem

286 2519 589 2594 Constanciensem,
614 2540 672 2583 seu
696 2517 913 2594 Constanciae,
936 2516 992 2597 qui
1018 2518 1060 2580 ab
1089 2517 1144 2580 illo
1171 2519 1309 2582 concilio
1334 2517 1479 2601 generali
1502 2539 1639 2602 congre·

283 2650 365 2722 gato
398 2641 535 2722 lugiens,
567 2649 601 2705 et
633 2641 751 2702 iterum
786 2646 915 2716 captus,
946 2646 980 2701 et
1015 2639 1058 2702 ad
1097 2638 1178 2703 illud
1216 2640 1390 2706 concilium
1429 2638 1639 2706 Constanciae

284 2761 436 2825 reductus
460 2781 520 2845 per
543 2780 654 2842 regem
681 2758 910 2823 Romanorum
933 2756 1194 2840 Sigismundum,
1216 2771 1371 2826 vocatum
1394 2761 1637 2845 imperatorem,

283 2878 453 2959 depositus
480 2886 531 2941 est
557 2878 590 2939 in
616 2876 734 2939 eodem
762 2874 899 2938 concilio
926 2874 1184 2953 Constanciensi,
1208 2878 1297 2959 prius
1319 2879 1478 2961 depositis
1502 2879 1536 2942 in
1560 2899 1637 2944 con·

283 3120 411 3184 cionem
433 3140 529 3202 papae
552 3119 678 3182 domini
698 3117 888 3182 Alexandri
912 3119 1017 3200 quinti
1041 3119 1074 3181 in
1097 3120 1215 3183 eodem
1238 3120 1376 3184 concilio
1399 3120 1526 3198 Pisano,
1545 3131 1580 3186 et
1601 3123 1635 3185 in

282 3241 346 3305 isto
366 3240 505 3306 concilio
528 3238 779 3304 Constanciensi
797 3239 921 3304 electus
942 3239 1005 3304 fuit
1026 3242 1059 3303 in
1080 3261 1204 3323 papam
1223 3263 1282 3324 per
1296 3241 1424 3324 aliquos
1444 3242 1635 3320 cardinales,

281 3372 316 3427 et
338 3383 397 3445 per
418 3361 501 3426 alios
524 3361 703 3445 deputatos
723 3361 757 3424 in
781 3360 837 3424 illo
860 3360 999 3424 concilio
1023 3359 1284 3440 Constanciensi,
1302 3363 1469 3429 Martinus
1492 3364 1635 3446 quintus,

279 3503 368 3547 anno
387 3482 524 3547 Domini
550 3495 642 3562 1417,
665 3483 698 3545 in
723 3483 778 3546 die
794 3481 909 3546 Sancti
934 3483 1070 3548 Martini
1094 3483 1239 3566 episcopi
1261 3493 1296 3548 et
1318 3484 1522 3559 confessoris,
1547 3504 1635 3568 papa

277 3603 433 3685 Johanne
455 3622 495 3689 23
520 3604 671 3687 deposito
695 3604 727 3667 in
751 3605 870 3667 eodem
893 3604 1035 3669 concilio
1060 3604 1311 3670 Constanciensi
1335 3627 1424 3670 anno
1447 3606 1507 3670 Xti
1539 3623 1631 3684 1414,

278 3737 356 3807 post
382 3725 622 3791 Pentecostalia
644 3724 740 3788 festa.
786 3724 868 3789 Haec
895 3726 1007 3790 omnia
1033 3736 1151 3808 patent
1176 3728 1209 3790 in
1233 3726 1318 3791 libro
1342 3727 1395 3792 De
1419 3726 1530 3793 Gestis
1553 3747 1632 3793 con·

278 3848 342 3912 eilii
361 3847 471 3913 Pisani
495 3857 528 3911 et
553 3845 829 3925 Constanciensis,
851 3866 951 3929 quem
974 3846 1042 3911 vidi
1065 3847 1208 3911 Oxoniae
1231 3849 1265 3911 in
1285 3846 1425 3930 collegio
1446 3847 1633 3924 Dunelmae,

278 3972 366 4053 quod
389 3968 492 4035 habet
514 3969 608 4034 illum
630 3970 749 4032 librum
773 3990 817 4032 ex
841 3970 931 4033 dono
954 3969 1098 4034 doctoris
1116 3969 1257 4033 Roberti
1279 3970 1416 4034 Burtun.
1464 3969 1632 4036 Successit

277 4211 395 4277 cholao
426 4213 541 4294 quinto
571 4213 698 4277 doctori
729 4233 830 4276 sacrae
856 4212 1050 4295 Theologiae
1080 4213 1237 4278 successit
1270 4210 1423 4277 Calixtus
1446 4213 1501 4295 iij·‚
1529 4232 1630 4303 quem
