3818 4904
680 448 779 502 LOCI
805 448 833 501 E
862 449 987 503 LIBRO
1022 448 1279 504 VERITATUM.
1594 452 1654 518 207

304 659 428 734 vancia‚
446 660 574 740 ‘Jesusl
596 661 710 742 jesus!
732 660 860 743 Jesusl'
892 663 1020 745 magnis
1036 670 1070 725 et
1090 663 1252 726 continuis
1273 661 1429 739 vocibus3
1458 661 1513 724 illo
1535 662 1657 724 devoto

304 777 374 840 viro
398 783 567 862 quondam
595 785 685 847 socio
711 782 826 847 Sancti
852 783 1043 846 Bernardini
1070 784 1113 846 de
1142 782 1248 860 Senis,
1270 784 1327 865 qui
1350 782 1439 865 jacet
1466 784 1498 844 in
1521 780 1656 864 Aquila,

305 901 514 978 praecedente
539 903 680 967 Xtianos
710 905 743 966 in
774 903 830 966 illo
860 903 949 966 bello
979 913 1012 965 et
1042 921 1172 967 crucem
1203 923 1278 967 cum
1309 903 1465 986 ymagine
1496 901 1557 966 Xti
1583 921 1658 984 por·

305 1025 408 1094 tante,
432 1032 466 1085 et
493 1022 621 1102 ‘Jesust
657 1021 789 1105 Jesusl'
816 1024 990 1095 clamante,
1019 1032 1053 1086 et
1076 1022 1222 1086 Domino
1242 1022 1330 1104 Jesu,
1353 1043 1484 1105 semper
1504 1021 1657 1105 glorioso,

305 1139 477 1203 victoriam
501 1142 634 1206 Xtianis
658 1145 720 1206 illis
744 1145 956 1208 concedente.
1004 1143 1086 1207 Haec
1109 1152 1225 1224 patent
1247 1145 1280 1206 in
1303 1143 1397 1208 litera
1419 1143 1561 1225 sigillata
1583 1161 1658 1206 cum

305 1259 413 1340 sigillo
436 1283 602 1326 armorum
624 1285 758 1328 suorum
781 1266 907 1328 domini
927 1264 1088 1345 Jolrannis
1111 1264 1260 1346 Hungat,
1281 1265 1412 1329 comitis
1429 1263 1658 1329 Visterciensis

306 1378 339 1440 in
367 1379 524 1464 Ungaria,
551 1387 606 1466 qui
633 1384 694 1448 suit
719 1387 910 1467 capitaneus
936 1385 1020 1447 inter
1045 1383 1119 1447 illos
1146 1384 1297 1462 Xtianos‚
1320 1385 1377 1468 qui
1402 1385 1464 1448 fuit
1493 1393 1658 1467 protector

306 1507 384 1564 tunc
408 1504 492 1585 regis
513 1516 546 1568 et
568 1506 657 1587 regni
675 1505 907 1588 Ungariorum,
923 1506 979 1587 qui
1002 1505 1177 1569 reservavit
1196 1506 1229 1568 in
1248 1525 1349 1588 regno
1366 1505 1523 1583 Ungariae
1543 1524 1658 1568 omnes

306 1624 463 1701 pecunias
499 1625 654 1689 collectas
693 1636 727 1689 et
761 1627 858 1690 datas
888 1645 948 1706 pro
984 1624 1198 1706 indulgenciis
1230 1625 1374 1708 Ungaris
1405 1626 1569 1690 concessis
1599 1644 1658 1705 per

306 1760 429 1823 papam
452 1745 652 1810 Nicholaum
675 1749 827 1828 quintum
850 1767 938 1809 anno
964 1747 1099 1809 Domini
1128 1759 1229 1825 14513
1260 1768 1334 1828 quae
1358 1749 1505 1828 pecuniae
1528 1746 1658 1809 suerunt

307 1863 340 1924 in
373 1864 520 1947 Ungaria
556 1866 703 1932 collectae
734 1887 793 1949 per
827 1866 1026 1931 cardinalem
1057 1866 1144 1930 tituli
1176 1866 1288 1931 Sancti
1319 1867 1407 1931 Petri
1438 1867 1470 1929 in
1500 1865 1658 1943 Vinculis‚

306 1983 509 2048 Nicholaum
530 1987 573 2050 de
594 1988 702 2065 Cusa3
729 1989 787 2051 sed
812 1986 867 2051 ille
890 1989 996 2051 bonus
1020 2008 1130 2050 comes
1154 2009 1220 2051 non
1243 1989 1390 2071 permisit
1413 1987 1505 2051 illum
1528 1996 1659 2070 portare

306 2104 431 2188 aliquid
463 2107 505 2169 de
535 2108 597 2170 illis
629 2110 773 2190 pecuniis
802 2109 929 2184 Romae,
954 2108 1012 2171 sed
1044 2108 1098 2172 ille
1129 2129 1239 2172 comes
1270 2112 1410 2172 servavit
1440 2128 1556 2171 omnes
1586 2106 1659 2170 illas

307 2228 463 2307 pecunias
490 2228 645 2293 collectas
672 2250 732 2310 pro
763 2229 978 2311 indulgentiis
1008 2229 1052 2292 ad
1083 2230 1340 2310 expendendum
1367 2238 1482 2293 contra
1512 2247 1659 2311 paganos

306 2346 441 2420 Turcos,
470 2359 503 2412 et
534 2350 579 2413 sic
610 2371 767 2432 expensae
798 2350 928 2413 suerunt
959 2361 1073 2414 contra
1095 2350 1219 2414 Turcos
1250 2351 1282 2413 in
1310 2371 1449 2431 quorum
1474 2350 1571 2413 metis
1601 2369 1657 2412 seu

307 2467 458 2531 merchiis
489 2470 550 2550 ipsi
579 2470 706 2553 Ungari
730 2481 885 2547 manent;
916 2480 949 2533 et
976 2471 1054 2553 quia
1084 2469 1138 2533 ille
1169 2464 1279 2534 comes
1311 2491 1376 2535 non
1407 2471 1556 2552 permisit
1585 2469 1658 2531 illas

307 2590 472 2671 pecunias,
488 2591 534 2654 sic
558 2590 722 2667 collectas,
739 2592 860 2673 portari
884 2591 927 2656 ad
949 2591 1101 2668 Romam,
1124 2594 1198 2655 ideo
1221 2613 1306 2674 papa
1322 2591 1502 2655 Nicholaus
1524 2590 1660 2673 quintus

307 2712 415 2792 ipsum
443 2714 744 2777 excommunicavit
772 2722 805 2775 et
832 2733 968 2795 regnum
994 2713 1167 2795 Ungariae:
1196 2714 1254 2777 sed
1282 2713 1337 2777 ille
1364 2732 1483 2789 comes,
1506 2712 1659 2775 dominus

306 2830 475 2910 johannes
501 2833 625 2914 Ungat,
657 2845 690 2897 et
723 2853 859 2915 regnum
888 2833 1044 2915 Ungariae
1071 2833 1320 2916 appellaverunt
1346 2855 1366 2897 a
1392 2832 1532 2914 pedibus
1562 2852 1659 2913 papae

308 2951 462 3016 Nicholai
484 2953 527 3015 ad
549 2955 651 3035 pedes
665 2954 744 3034 Jesu
763 2954 834 3029 Xti,
851 2976 910 3036 pro
932 2955 1024 3035 cujus
1044 2976 1158 3018 amore
1180 2965 1392 3019 servaverunt
1413 2954 1484 3017 illas
1502 2954 1659 3035 pecunias

307 3075 350 3137 ad
382 3075 622 3158 expendendas
652 3075 725 3139 illas
755 3088 867 3140 contra
904 3077 1052 3139 inimicos
1090 3077 1192 3139 crucis
1229 3077 1298 3150 Xti,
1337 3076 1463 3139 Turcos
1501 3094 1658 3158 paganos.

308 3194 386 3277 Quo
409 3197 524 3260 audito
552 3207 585 3261 et
610 3199 752 3280 cognito,
771 3199 860 3261 idem
885 3219 972 3281 papa
1000 3196 1181 3261 Nicholaus
1207 3198 1341 3279 quintus
1369 3198 1476 3279 ipsum
1503 3196 1659 3261 comitem

307 3316 502 3382 absolvebat
532 3339 553 3380 a
582 3321 749 3383 sentencia
780 3319 848 3383 lata
878 3320 921 3383 ab
956 3320 1028 3401 ipso
1058 3339 1154 3401 papa,
1187 3330 1219 3382 et
1250 3319 1332 3382 alios
1363 3319 1466 3381 eciam
1496 3317 1529 3379 in
1559 3336 1660 3399 regno

309 3439 469 3522 Ungariae
491 3460 575 3522 quos
598 3460 709 3504 secum
734 3441 1052 3518 excommunicavit3
1077 3449 1110 3504 et
1133 3449 1256 3522 postea,
1272 3460 1360 3503 anno
1383 3439 1442 3503 Xti
1465 3436 1556 3521 1456,
1573 3458 1660 3520 papa

310 3559 464 3626 Calixtus
487 3562 541 3643 iij·‚
566 3562 775 3626 considerans
799 3560 923 3625 bellum
949 3562 1013 3625 Dei
1040 3571 1074 3625 et
1101 3559 1171 3642 ejus
1193 3562 1363 3626 victoriam
1387 3571 1501 3624 contra
1524 3559 1659 3633 Turcos,

307 3682 407 3747 bullis
434 3685 501 3747 suis
526 3694 559 3748 et
586 3683 686 3747 literis
709 3682 906 3748 hortabatur
931 3682 1071 3765 populos
1097 3683 1298 3745 diversorum
1323 3702 1496 3764 regnorum
1520 3683 1563 3744 ad
1587 3700 1660 3744 ora-

308 3805 419 3869 ciones
446 3815 479 3869 et
506 3805 549 3869 ad
573 3804 815 3887 poenitenciam,
840 3804 1054 3869 concedendo
1078 3811 1205 3886 septem
1229 3822 1333 3866 annos
1356 3801 1573 3883 indulgenciae
1601 3820 1661 3883 pro

309 3926 405 3990 certis
428 3926 691 4009 processionibus
723 3935 755 3988 et
786 3926 991 3989 oracionibus
1020 3924 1147 4000 fiendis,
1178 3925 1335 4005 quociens
1364 3923 1465 3986 fiebat
1496 3923 1661 4004 processio

308 4067 384 4110 cum
407 4068 558 4111 sermone
581 4050 623 4111 ad
647 4048 817 4130 populum,
837 4068 911 4111 cum
936 4047 1032 4111 certis
1056 4047 1182 4122 mediis,
1203 4055 1239 4108 ut
1262 4045 1327 4108 vidi
1351 4039 1533 4126 inscriptis
1556 4042 1662 4106 missis

308 4166 459 4250 ejusdem
476 4189 581 4251 papae,
593 4189 664 4251 eg0‚
675 4169 826 4233 Thomas
839 4167 1034 4250 Gascoinge‚
1046 4166 1132 4229 filius
1147 4177 1180 4230 et
1196 4165 1301 4229 haeres
1320 4165 1453 4230 Ricardi
1467 4163 1661 4246 Gascoigne‚

309 4290 353 4354 de
377 4288 521 4353 Hunslet
546 4289 695 4353 Eborum
719 4290 866 4366 diocesis,
889 4298 923 4354 et
946 4287 1159 4353 cancellarius
1182 4286 1402 4351 universitatis
1426 4284 1579 4350 Oxoniae.
