3818 4904
308 386 350 465 48
684 397 783 451 LOCI
808 397 837 450 E
866 396 990 451 LIBRO
1025 397 1282 452 VERITATUM.
1322 393 1327 406 ⁸

311 611 372 676 suit
406 632 471 676 non
502 612 606 676 sciens
637 613 778 692 scienda,
806 633 865 676 nec
894 613 1076 694 graduatus
1105 612 1216 694 aliquo
1245 613 1350 693 gradu
1382 612 1415 675 in
1439 612 1658 687 universitate,

310 733 366 814 qui
389 733 487 796 valde
513 734 652 815 cupidus
678 742 711 796 et
738 733 897 816 insipidus
924 733 1148 815 reputabatur.
1195 732 1240 795 Et
1265 733 1343 816 quia
1369 733 1505 796 ecclesia
1532 733 1658 796 Ebora·

310 854 416 916 censis
439 874 505 916 non
523 854 627 917 voluit
652 854 794 936 recipere
818 855 850 916 in
873 873 969 915 suum
992 854 1153 917 decanum
1176 853 1371 934 praedictum
1395 853 1575 917 Ricardum
1601 871 1660 936 per

310 993 431 1055 papam
455 975 629 1056 provisum,
652 975 709 1037 sed
732 973 936 1037 Willelmum
962 972 1195 1055 Bernyngham
1219 993 1278 1054 per
1300 973 1482 1055 capitulum
1506 974 1657 1046 electum,

310 1092 385 1156 ideo
415 1094 591 1175 praedictus
615 1094 776 1158 Ricardus
803 1115 862 1176 per
892 1095 1045 1176 pecunias
1068 1092 1211 1155 Romam
1237 1092 1352 1156 missas
1382 1093 1524 1176 optinuit
1555 1092 1658 1157 eccle-

309 1214 392 1277 siam
409 1214 652 1279 Eboracensem
674 1214 896 1279 cathedralem
917 1235 976 1296 per
998 1212 1107 1295 plures
1130 1213 1329 1295 septimanas
1351 1233 1371 1276 a
1393 1233 1479 1296 papa
1496 1213 1659 1278 Nicholao

309 1335 425 1417 quinto
455 1337 611 1418 suspendi
641 1357 661 1399 a
687 1335 805 1399 divinis
834 1335 987 1398 omnibus
1016 1334 1138 1410 officiis,
1168 1343 1201 1395 et
1235 1354 1351 1397 omnes
1385 1333 1455 1415 ejus
1493 1335 1659 1399 ministros

310 1456 598 1534 excommunicari,
622 1465 654 1519 et
677 1455 722 1519 sic
745 1453 869 1519 iactum
884 1454 958 1518 'suit
984 1475 1043 1537 per
1068 1453 1269 1518 sentenciam
1294 1453 1503 1517 soli-Deus
1530 1456 1599 1518 scit>
1615 1476 1657 1519 an

309 1576 476 1640 sentencia
496 1576 564 1658 poli
585 1597 642 1639 seu
664 1575 739 1639 coeli
754 1583 843 1653 ;—et
866 1574 912 1637 sic
935 1583 1101 1657 ponuntur
1122 1573 1155 1636 in
1176 1574 1312 1637 ecclesia
1331 1583 1364 1637 et
1387 1575 1420 1637 in
1443 1574 1568 1657 populo
1594 1575 1657 1639 Dei

308 1694 444 1760 festucae
475 1717 541 1759 non
571 1695 764 1778 columpnae,
798 1696 817 1758 i.
831 1716 858 1758 e.
888 1695 979 1778 pueri
1011 1693 1181 1769 inhabiles,
1212 1702 1244 1757 et
1272 1693 1396 1774 ribaldi,
1421 1705 1454 1758 et
1480 1691 1600 1773 viciosi,
1624 1706 1657 1759 et

308 1816 482 1881 inscientes
504 1837 605 1899 opera
628 1837 687 1898 pro
703 1816 780 1879 Deo
801 1815 918 1890 fienda,
934 1815 1048 1897 quales
1071 1814 1241 1877 constituit
1265 1834 1324 1876 rex
1341 1815 1442 1879 Israel
1464 1816 1658 1880 maledictus

300 1957 328 1999 a
351 1937 426 2000 Deo
448 1937 636 2018 Jeroboam‚
660 1947 693 2000 et
716 1935 913 2017 dejiciuntur
935 1935 977 1998 ab
1002 1934 1146 1999 ecclesiis
1170 1942 1203 1998 et
1230 1935 1353 2011 officiis,
1381 1936 1436 2018 qui
1463 1936 1569 1999 sciunt
1593 1937 1657 1999 Dei

307 2059 461 2138 graciam,
488 2067 522 2121 et
545 2056 661 2120 volunt
687 2056 849 2120 aedificare
878 2055 980 2138 Syon,
1007 2056 1027 2118 i.
1038 2077 1064 2119 e.
1092 2055 1264 2120 ecclesiam
1292 2077 1357 2119 non
1385 2057 1418 2119 in
1443 2059 1657 2140 sanguinibus

307 2178 394 2242 etin
414 2178 568 2260 peccatis.
615 2174 682 2240 Sed
704 2177 781 2258 quia
799 2177 936 2240 diversae
957 2176 1101 2240 ecclesiae
1122 2178 1154 2240 in
1170 2175 1296 2259 Anglia
1315 2176 1439 2241 habent
1458 2178 1553 2261 plura
1570 2179 1658 2242 bona

307 2299 354 2363 eis
380 2318 512 2362 annexa
538 2308 571 2362 et
600 2296 760 2360 habentes
790 2295 862 2360 illas
893 2295 1046 2360 ecclesias
1072 2298 1318 2379 consequentia,
1346 2299 1420 2361 ideo
1450 2319 1516 2362 non
1542 2299 1657 2362 volunt

306 2418 437 2502 patroni
464 2426 497 2482 et
524 2418 668 2500 episcopi
699 2416 845 2481 conferre
875 2416 955 2481 talia
980 2416 1139 2480 beneficia
1169 2417 1230 2480 nisi
1256 2417 1320 2480 illis
1346 2439 1429 2500 quos
1459 2419 1658 2483 arbitrantur

307 2538 502 2622 obsequium
532 2548 689 2620 praestare
719 2537 782 2600 illis
813 2538 993 2601 secundum
1020 2536 1175 2600 affectum
1206 2558 1319 2601 eorum
1349 2538 1514 2602 carnalem
1543 2540 1656 2622 pocius

309 2653 410 2742 qua'm
433 2658 488 2723 ille
511 2658 567 2741 qui
591 2659 652 2722 scit
675 2667 709 2722 et
730 2657 801 2721 vult
826 2657 1020 2739 obsequium
1042 2656 1191 2721 debitum
1215 2668 1371 2740 praestare
1394 2658 1477 2723 Deo.

393 2788 433 2857 [p.
451 2787 521 2855 423]
568 2778 605 2843 Si
630 2779 677 2842 ita
702 2779 791 2842 dicat
816 2778 934 2841 beatus
958 2776 1079 2840 Paulus
1107 2777 1276 2861 apostolus
1302 2778 1500 2858 Timothe03
1535 2780 1656 2862 quibus

297 2901 415 2983 poenis
430 2899 593 2982 affligetur
607 2919 718 2963 coram
736 2898 810 2962 Deo
825 2897 880 2961 ille
898 2898 1079 2980 episcopus,
1094 2898 1149 2980 qui
1166 2897 1338 2962 Londiniis
1353 2900 1510 2983 praedicat
1524 2900 1656 2983 puplice

307 3021 397 3104 quod
424 3021 569 3103 episcopi
600 3041 667 3083 non
693 3028 847 3083 tenentur
874 3017 1061 3101 praedicare‚
1087 3027 1120 3081 et
1142 3028 1258 3100 postea
1281 3020 1369 3083 dixit
1395 3021 1485 3102 quod
1510 3021 1654 3104 episcopi

304 3150 460 3206 tenentur
488 3141 676 3223 praedicare,
699 3140 757 3205 sed
785 3159 851 3203 non
881 3148 1034 3203 tenentur
1062 3139 1209 3221 accipere
1234 3138 1358 3216 thema,
1382 3151 1415 3205 et
1441 3141 1547 3205 facere
1573 3143 1654 3205 divi·

297 3262 441 3340 sionem,
464 3272 500 3326 ut
525 3263 596 3346 ipse
621 3259 731 3326 dixit?
764 3260 820 3324 Ex
844 3260 973 3345 scriptis
1000 3269 1033 3323 et
1056 3259 1151 3324 dictis
1173 3259 1260 3324 illius
1286 3261 1429 3344 episcopi
1460 3282 1526 3324 non
1556 3263 1654 3327 c'redo

297 3382 394 3466 -quod
416 3383 505 3446 bona
527 3381 737 3464 pullulabunt
758 3382 818 3446 sed
846 3380 934 3444 mala
963 3380 996 3443 in
1022 3379 1169 3463 pluribus
1198 3380 1327 3444 actibus
1353 3390 1387 3445 et
1414 3382 1521 3445 verbis
1546 3382 1654 3447 homi·

296 3523 392 3582 num,
409 3503 465 3584 qui
486 3502 532 3566 sic
553 3512 668 3567 contra
688 3501 828 3566 salutem
847 3502 1031 3564 animarum
1050 3501 1243 3595 praedicavit
1261 3500 1444 3565 Londoniis
1464 3502 1507 3565 ad
1523 3523 1652 3567 crucem

304 3621 418 3688 Sancti
443 3621 534 3685 Pauli
558 3622 642 3687 circa
665 3641 788 3685 annum
812 3621 947 3685 Domini
971 3632 1063 3702 1445.

390 3752 517 3820 [u·.4³4·]
562 3741 663 3808 Anno
680 3743 767 3807 enim
785 3742 921 3806 Domini
940 3742 1031 3825 1456,
1048 3739 1196 3829 (quando
1215 3762 1337 3826 magna
1351 3744 1487 3807 victoria
1508 3743 1572 3807 Dei
1592 3743 1654 3809 suit

294 3873 434 3929 ostensa
460 3873 574 3930 contra
598 3864 724 3929 Turcos
748 3884 897 3948 paganos
928 3863 961 3927 in
987 3865 1101 3947 paucis
1124 3863 1256 3927 Xtianis
1282 3872 1397 3928 contra
1420 3884 1477 3928 eos
1503 3879 1653 3947 pugnan-

301 3985 399 4063 tibus,
423 3985 539 4050 occisis
566 3985 608 4048 de
633 3985 771 4068 paganis
796 3993 930 4049 centum
957 3984 1090 4048 milibus
1116 3993 1150 4049 et
1176 3982 1438 4070 quinquaginta)
1461 4005 1522 4049 nec
1548 3984 1653 4050 archi·

296 4105 477 4188 *episcopus
497 4105 632 4190 Angliae
655 4107 777 4190 primas
798 4105 947 4170 Thomas
970 4105 1144 4182 Bourcher,
1166 4125 1226 4169 nec
1252 4105 1308 4169 alii
1335 4106 1480 4188 episcopi
1506 4106 1653 4171 fecerunt

303 4236 398 4290 actus
422 4227 562 4311 puplicae
585 4227 701 4308 laudis,
723 4248 783 4294 nec
809 4227 1033 4310 processiones
1055 4227 1098 4291 ad
1123 4226 1185 4290 Dei
1208 4247 1308 4311 opera
1331 4226 1526 4294 miraculosa
1548 4227 1653 4291 mani·
