3818 4904
681 444 780 499 LOCI
806 443 834 496 E
863 442 986 496 LIBRO
1021 442 1279 497 VERITATUM.
1615 453 1655 521 79

310 679 376 722 non
400 667 575 733 merentur,
596 665 632 719 ut
655 666 795 720 testatur
818 656 960 721 Sanctus
983 654 1131 718 Thomas
1153 656 1297 718 secunda
1324 656 1477 719 secundae
1504 658 1547 720 de
1573 678 1657 740 prae-

310 778 512 861 sumpcione.
553 775 731 840 Vivificant
764 777 892 840 animas
929 796 1003 858 quae
1039 795 1105 837 non
1135 775 1259 852 vivunt,
1289 777 1345 858 qui
1383 777 1497 840 dicunt
1529 779 1659 841 animas

310 899 419 963 vivere
444 898 536 961 bene
556 916 667 960 coram
695 897 778 973 De0‚
805 907 839 958 et
870 915 942 959 esse
968 915 1080 958 secure
1106 915 1216 958 coram
1244 895 1318 959 Deo
1343 898 1385 959 de
1409 897 1527 978 gracia,
1551 898 1657 973 venia,

310 1028 345 1083 et
373 1017 485 1100 gloria,
517 1026 550 1080 et
581 1025 652 1078 tum
683 1016 729 1078 sic
759 1035 869 1078 coram
900 1014 975 1078 Deo
1003 1015 1124 1077 animae
1154 1014 1219 1077 illae
1250 1035 1315 1078 non
1345 1025 1431 1091 sunt,
1459 1017 1542 1080 sicut
1572 1018 1659 1081 dixit

311 1138 476 1201 Dominus
497 1134 708 1218 Apocalipsis
734 1134 793 1217 iij0,
820 1134 973 1197 ‘Nomen
1001 1133 1104 1198 habes
1130 1135 1220 1217 quod
1247 1135 1336 1213 vivis,
1364 1146 1397 1199 et
1428 1148 1575 1201 mortuus
1603 1135 1659 1200 es!

311 1256 359 1322 Et
388 1257 436 1320 illi
465 1255 629 1320 vivificant
655 1255 819 1332 vocaliter,
847 1263 880 1317 et
907 1255 939 1316 in
964 1254 1075 1330 verbo,
1101 1256 1228 1317 animas
1253 1276 1328 1338 quae
1360 1276 1425 1319 non
1452 1257 1565 1321 vivunt
1591 1258 1659 1321 vita

311 1377 430 1461 graciae
449 1376 579 1440 realiter
601 1395 712 1438 coram
736 1375 819 1450 Deo,
838 1374 893 1457 qui
916 1374 1081 1437 affirmant
1104 1374 1156 1437 vel
1179 1376 1386 1439 sentenciant
1408 1376 1541 1458 aliquid,
1568 1377 1659 1459 cujus
1737 1415 1742 1425 ·

311 1496 509 1561 contrarium
540 1495 631 1558 Deus
668 1494 858 1571 sentenciat‚
888 1494 1008 1575 quibus
1044 1495 1123 1558 dicit
1159 1495 1330 1573 Dominus,
1361 1517 1420 1578 per
1458 1497 1659 1561 Malachiam

311 1616 519 1701 prophetam,
543 1614 759 1678 ‘Maledicam
782 1614 1069 1678 benediccionibus
1089 1612 1225 1689 vestris,'
1249 1616 1307 1680 ie.
1331 1616 1394 1678 illis
1420 1638 1503 1698 quos
1524 1639 1583 1680 vos
1611 1640 1660 1680 er·

312 1759 412 1801 ronee
434 1735 603 1800 absolutos
626 1736 741 1811 dicitis,
765 1744 799 1798 et
822 1734 884 1797 illis
910 1734 1014 1811 malis,
1037 1755 1120 1816 quos
1141 1735 1310 1798 adulando
1332 1735 1437 1799 bonos
1464 1758 1519 1800 eos
1541 1737 1658 1812 dicitis,

312 1867 346 1922 et
366 1858 541 1923 sentenciis
561 1856 677 1920 vestris
700 1855 932 1932 contradicam,
948 1863 985 1918 ut
1008 1864 1148 1918 testatur
1167 1856 1309 1920 Sanctus
1327 1856 1514 1937 Jeronimus
1537 1859 1660 1922 ibidem

312 1979 346 2042 in
370 1978 623 2044 Commentariis
645 1977 720 2040 suis.
766 1976 852 2040 Item
874 1974 1040 2039 vivificant
1065 1976 1151 2039 male
1176 1977 1311 2054 animas,
1334 1987 1366 2042 et
1390 1977 1479 2052 salse,
1504 1980 1559 2061 qui
1584 1999 1661 2061 pec-

312 2108 388 2164 cata
422 2098 523 2162 deleri
559 2091 723 2185 [dicunt?l
756 2094 915 2179 corporali
953 2095 1140 2173 elemosina,
1176 2097 1245 2159 sine
1281 2118 1358 2161 vera
1395 2099 1604 2163 conversione
1640 2121 1661 2163 a

312 2229 450 2302 peccato
482 2218 525 2282 ad
554 2217 678 2280 bonum
711 2216 919 2279 contrarium.
971 2212 1096 2293 ‘Date'
1133 2216 1240 2297 inquit
1272 2217 1444 2294 Dominus,
1475 2219 1574 2282 Lucae
1600 2219 1660 2301 xj⁰‚

315 2338 556 2415 ‘elemosinam
580 2346 614 2400 et
635 2337 746 2399 omnia
773 2336 896 2398 munda
919 2343 994 2398 sunt
1016 2331 1128 2400 vobis.'
1173 2337 1249 2399 Non
1273 2337 1352 2400 dicit
1376 2338 1546 2416 Dominus,
1574 2340 1662 2402 Date

312 2478 546 2542 quamcunque
590 2456 813 2534 elemosinam,
850 2466 884 2519 et
930 2456 1041 2518 omnia
1083 2455 1208 2518 munda
1251 2457 1353 2534 vobis,
1391 2458 1449 2525 sed
1493 2460 1660 2539 quandam

314 2579 527 2643 elemosinam
551 2578 630 2640 dare
653 2577 809 2659 praecipit,
834 2597 899 2659 qua
922 2576 1122 2640 mundantur
1148 2587 1291 2659 peccata,
1315 2579 1446 2655 scilicet,
1468 2600 1543 2642 vere
1566 2580 1662 2643 mise·

313 2699 376 2763 reri
405 2697 525 2762 animae
555 2707 621 2761 tuae
652 2697 800 2779 propriae,
831 2697 962 2778 culpam
995 2705 1084 2759 recte
1113 2696 1290 2761 deserendo
1321 2708 1355 2761 et
1386 2699 1460 2762 Deo
1489 2699 1662 2781 placendo.

315 2819 480 2884 Dominus
503 2819 599 2892 enim,
623 2817 723 2880 Lucae
739 2816 799 2898 xj⁰‚
823 2816 1082 2899 reprehendebat
1105 2818 1228 2880 scribas
1251 2828 1283 2881 et
1307 2818 1487 2897 Phariseos,
1510 2829 1543 2882 et
1566 2820 1662 2895 dixit,

314 2961 365 3004 vae
396 2938 476 3003 illis!
515 2939 592 3020 quia
627 2938 806 3001 credebant
839 2958 875 3000 se
909 2936 1030 3001 habere
1063 2937 1194 3000 veniam
1227 2959 1247 3002 a
1278 2938 1352 3002 Deo
1385 2960 1444 3021 per
1476 2940 1663 3004 elimosinas

315 3059 512 3143 corporales,
534 3059 604 3122 sine
631 3059 843 3122 conversione
866 3079 886 3121 a
909 3058 1062 3139 peccatis,
1085 3069 1118 3121 et
1143 3058 1213 3122 sine
1236 3058 1309 3121 aliis
1335 3061 1488 3140 operibus
1511 3059 1663 3142 justiciae,

314 3200 456 3263 quorum
486 3178 654 3243 debitores
684 3188 777 3242 erant
801 3197 912 3241 coram
935 3176 1021 3240 Deo.
1074 3178 1155 3241 Ideo
1186 3179 1273 3242 enim
1300 3180 1510 3245 decimabant
1539 3182 1664 3257 scribae,

316 3301 336 3366 i.
353 3321 381 3364 e.
412 3299 494 3383 legis
529 3299 685 3362 Mosaicae
719 3299 879 3376 doctores,
910 3306 944 3361 et
975 3297 1128 3375 Pharisei‚
1159 3299 1177 3362 i.
1194 3320 1222 3362 e.
1254 3309 1417 3381 praetense
1450 3301 1509 3363 viri
1543 3303 1664 3365 strictae

316 3420 492 3503 religionis.
538 3419 629 3497 Ideo,
656 3419 739 3496 dico,
764 3417 975 3482 decimabant
998 3418 1112 3482 scribae
1139 3428 1173 3482 et
1199 3418 1343 3483 Pharisei
1367 3429 1522 3496 mentam,
1547 3430 1663 3496 rutam,

317 3551 350 3605 et
373 3540 539 3618 ciminum,
563 3539 663 3603 Lucae
686 3537 746 3620 xj⁰,
768 3547 804 3602 ut
826 3537 1015 3602 elimosinas
1039 3538 1225 3621 corporales
1249 3558 1309 3620 pro
1332 3540 1406 3602 Deo
1429 3549 1463 3602 et
1485 3561 1545 3621 pro
1570 3542 1665 3603 venia

316 3660 470 3725 habenda
495 3659 648 3737 iacerent,
674 3668 842 3722 ettamen
867 3657 959 3721 Deus
985 3658 1072 3722 dixit
1097 3658 1153 3735 eis,
1181 3659 1262 3723 ‘Vae
1284 3658 1395 3723 vobis!
1426 3660 1481 3740 qui
1504 3661 1550 3724 sic
1577 3662 1666 3725 deci-

286 3807 288 3810 ·
318 3777 436 3860 matis,'
464 3800 509 3844 sc.
533 3792 668 3864 propter
697 3779 892 3842 elemosinas
922 3778 1107 3860 corporales
1136 3778 1313 3858 iaciendas,
1339 3783 1393 3844 ‘et
1416 3780 1596 3861 relinquitis
1626 3802 1666 3844 ea

318 3921 393 3984 quae
418 3897 585 3983 graviora,’
608 3899 627 3962 i.
641 3921 668 3964 e.
685 3900 790 3981 magis
811 3899 999 3976 necessaria,
1019 3905 1123 3976 ‘sunt‚
1142 3900 1223 3982 legis
1245 3899 1414 3980 judicium,
1436 3911 1469 3963 et
1494 3901 1665 3966 caritatem

319 4019 402 4084 Dei.’
447 4020 546 4103 Quod
569 4019 689 4084 deforis
712 4029 770 4097 est,
794 4019 965 4091 mendatis,
990 4019 1079 4101 quod
1103 4030 1214 4084 autem
1239 4020 1326 4083 intus
1349 4030 1399 4084 est
1422 4032 1575 4098 vestrum,
1595 4021 1665 4104 ple·

319 4161 399 4205 num
422 4151 471 4204 est
495 4141 607 4223 rapina
631 4149 665 4203 et
688 4141 868 4222 iniquitate.
917 4139 1001 4202 Haec
1023 4138 1166 4203 Sanctus
1189 4140 1396 4222 Augustinus
1419 4141 1460 4203 de
1487 4141 1667 4204 elemosina

319 4263 353 4326 in
379 4259 463 4326 libro
487 4283 547 4326 suo
570 4270 688 4327 vocato
711 4260 943 4339 Encheridion,
970 4260 1002 4324 id
1030 4270 1089 4337 est,
1119 4261 1203 4325 libro
1231 4261 1391 4326 manualis
1418 4271 1450 4326 et
1476 4263 1666 4345 portabilis:
