3818 4904
275 396 338 443 222
650 385 749 440 LOCI
775 385 805 437 E
834 385 957 438 LIBRO
994 385 1251 439 VERITATUM.

361 610 393 676 [p
415 608 486 673 611]
522 606 741 663 Residivstio.
780 596 836 661 Sic
860 606 1004 661 meretur
1026 598 1169 661 indurari
1190 599 1310 674 aDe0,
1332 599 1392 661 ie.
1410 617 1476 660 non
1498 596 1629 660 liberari

275 741 334 802 per
364 721 475 784 Deum
506 742 526 784 a
558 720 653 783 malis
683 718 790 801 culpae
821 726 854 781 et
883 739 1003 800 poenae,
1036 719 1068 781 in
1099 739 1175 800 quae
1205 740 1264 802 per
1294 728 1469 801 peccatum
1503 717 1629 794 cecidit,

275 842 365 922 quod
391 861 456 904 non
483 840 590 903 solum
618 839 748 903 racione
774 848 808 903 et
834 838 994 921 scriptura
1018 848 1120 921 patet,
1145 840 1202 903 sed
1234 840 1338 903 eciam
1369 859 1474 921 nuper
1500 837 1631 919 experi-

275 961 368 1025 encia
396 961 482 1024 illius
508 960 699 1037 sacerdotis
726 958 783 1041 qui
810 959 872 1022 fuit
897 969 1004 1023 rector
1028 959 1163 1022 nomine
1190 960 1329 1022 duarum
1355 958 1575 1037 ecclesiarum,
1597 965 1631 1021 et

276 1084 456 1164 graduatus
479 1083 511 1145 in
528 1081 611 1163 jure,
629 1081 685 1163 qui
705 1080 811 1163 primo
831 1080 937 1145 tenuit
958 1080 1059 1162 longo
1080 1090 1231 1163 tempore
1255 1081 1425 1144 mulierem
1444 1079 1478 1142 in
1494 1087 1631 1163 peccato

276 1203 392 1277 carnis,
421 1212 454 1267 et
478 1210 594 1284 postea
621 1221 695 1264 eam
718 1199 796 1264 fecit
822 1201 945 1265 nubere
969 1199 1093 1264 famulo
1120 1200 1269 1282 ejusdem
1294 1201 1436 1278 rectoris,
1458 1210 1491 1264 et
1514 1208 1632 1282 postea

276 1322 335 1387 lite
365 1333 491 1400 exorta,
518 1322 681 1385 conduxit
710 1331 777 1386 tres
807 1328 989 1403 praetensos
1019 1320 1164 1385 scolares
1191 1330 1227 1384 ut
1254 1321 1408 1384 maritum
1434 1320 1630 1395 occiderent,

277 1442 333 1524 qui
360 1443 468 1526 ipsum
496 1442 651 1507 maritum
682 1441 882 1519 occiderunt,
908 1442 1043 1506 vidente
1074 1451 1200 1505 rectore
1230 1441 1349 1506 eodem
1376 1451 1410 1506 et
1440 1441 1568 1505 ridente
1599 1441 1631 1502 in

277 1572 428 1645 tempore
457 1563 638 1641 occisionis,
660 1562 717 1644 qui
740 1562 833 1625 dedit
864 1560 901 1623 xl
925 1560 958 1623 li.
985 1560 1041 1625 uni
1069 1561 1235 1644 episcopo,
1264 1573 1298 1625 et
1320 1583 1370 1625 xx
1394 1561 1425 1625 li.
1449 1562 1574 1636 abbati,
1598 1569 1632 1624 et

277 1684 314 1747 xl
337 1683 369 1746 li.
392 1685 448 1746 uni
472 1683 577 1757 militi,
601 1693 637 1747 ut
660 1693 814 1766 rogarent
836 1703 947 1765 regem
970 1703 1031 1765 pro
1055 1682 1300 1764 perdonacione
1323 1680 1484 1764 ejusdem.

365 1813 403 1879 [p.
423 1812 493 1876 612]
540 1810 682 1878 Religio.
734 1801 803 1867 Sed
834 1802 1016 1867 dolendum
1046 1802 1144 1866 valde
1175 1812 1225 1865 est
1256 1804 1345 1884 quod
1379 1803 1450 1884 jam
1489 1801 1632 1884 religiosi

277 1925 388 2007 plures
417 1925 450 1986 in
476 1924 592 1987 habitu
623 1944 683 1987 nec
713 1924 838 1987 faciunt
868 1944 944 2005 quae
971 1923 1104 1998 debent,
1132 1943 1192 1987 nec
1219 1932 1372 2005 quaerunt
1397 1944 1418 1986 a
1444 1923 1633 1987 scientificis

277 2046 354 2108 viris
375 2056 409 2109 et
432 2045 585 2109 virtuosis
610 2043 665 2106 illa
690 2065 765 2126 quae
788 2054 1024 2125 cognoscerent
1046 2055 1080 2108 et
1103 2064 1178 2125 quae
1202 2043 1356 2122 facerent,
1377 2044 1436 2107 sed
1461 2065 1482 2108 a
1508 2043 1634 2126 legistis

279 2166 370 2247 regni
397 2175 431 2229 et
457 2166 500 2228 ab
528 2164 591 2227 illis
617 2164 674 2246 qui
697 2165 906 2246 publicorum
934 2173 1010 2227 sunt
1036 2165 1157 2227 tiranni
1184 2174 1218 2228 et
1245 2166 1433 2229 defensores
1459 2164 1632 2239 malorum,

278 2295 396 2367 petunt
418 2307 508 2369 saepe
531 2285 666 2349 consilia
689 2287 865 2364 mundana,
889 2295 922 2348 et
945 2286 992 2348 eis
1015 2287 1097 2349 dant
1122 2285 1227 2351 multa
1247 2287 1336 2349 bona
1356 2296 1495 2363 terrena,
1517 2296 1552 2351 et
1575 2306 1633 2349 eos

278 2407 447 2471 offendere
477 2407 606 2481 timent,
638 2426 698 2469 nec
729 2407 848 2469 timent
878 2426 935 2468 eos
966 2427 1025 2469 nec
1056 2406 1166 2470 ditant
1198 2407 1388 2471 muneribus
1412 2427 1495 2489 quos
1525 2407 1634 2470 sciunt

278 2529 311 2590 in
334 2527 475 2591 sciencia
497 2537 530 2590 et
549 2527 582 2590 in
602 2528 689 2590 bona
707 2528 776 2589 vita
798 2527 907 2609 plures
925 2526 1007 2589 alios
1031 2527 1205 2605 excellere,
1221 2528 1280 2590 sed
1304 2529 1392 2610 ipsos
1414 2548 1499 2609 quos
1517 2527 1634 2592 vident

278 2648 463 2731 temporale
492 2648 702 2729 dispendium
728 2669 786 2710 eos
817 2647 943 2709 inferre.
991 2647 1036 2710 Et
1063 2649 1145 2710 dant
1178 2649 1321 2711 dominis
1352 2648 1527 2711 mundanis
1557 2668 1634 2711 suas

279 2777 381 2831 terras
404 2779 437 2832 et
460 2768 684 2849 possessiones
707 2776 861 2840 terrenas,
886 2767 982 2830 datas
1003 2769 1050 2830 eis
1073 2767 1106 2830 in
1131 2769 1403 2831 monasteriorum
1426 2768 1632 2860 fundacione,

279 2899 316 2952 ut
339 2889 400 2970 ipsi
423 2889 549 2951 domini
572 2888 690 2951 terreni
714 2887 872 2969 expensis
895 2889 1075 2951 eorundem
1100 2889 1310 2952 dominorum
1333 2888 1456 2953 faciant
1479 2888 1634 2953 ecclesias

249 3035 251 3041 ·
280 3008 482 3092 parochiales
510 3009 620 3090 magni
644 3007 764 3072 valoris
790 3008 916 3072 eisdem
941 3008 1110 3090 religiosis,
1134 3009 1269 3074 licencia
1296 3006 1393 3092 papae'
1416 3019 1450 3073 et
1480 3011 1574 3093 regis,
1599 3010 1633 3073 in

279 3138 475 3212 perpetuum
506 3130 732 3211 appropriari3
765 3138 799 3192 et
831 3130 878 3193 sic
909 3150 985 3192 cura
1014 3129 1198 3193 animarum
1230 3131 1322 3213 perit,
1353 3141 1387 3195 et
1416 3130 1634 3214 hospitalitas,

281 3261 314 3315 et
339 3252 463 3314 bonum
488 3251 634 3333 regimen
659 3251 692 3312 in
712 3251 885 3332 parochiis,
908 3262 941 3315 et
965 3250 1132 3314 exhibicio
1152 3251 1312 3333 juvenum
1337 3251 1380 3314 ad
1403 3251 1510 3316 scolas
1533 3261 1567 3316 et
1589 3253 1632 3316 ad

280 3373 517 3436 universitates.
562 3372 608 3434 Et
635 3373 739 3435 eciam
765 3393 824 3455 per
847 3372 915 3436 tale
940 3373 1086 3436 medium
1110 3375 1193 3437 dant
1216 3394 1275 3436 sua
1298 3373 1504 3455 temporalia,
1530 3373 1577 3437 eis
1600 3373 1634 3436 in

280 3492 476 3557 fundacione
500 3492 631 3567 collata,
657 3514 717 3575 pro
744 3493 896 3572 ecclesiis,
921 3514 965 3557 ex
993 3515 1059 3576 qua
1088 3494 1269 3558 collacione
1298 3502 1481 3577 sequuntur
1512 3515 1634 3578 magna

281 3625 314 3678 et
344 3614 438 3697 plura
469 3615 556 3678 mala
586 3614 795 3698 parochianis
824 3615 972 3679 ecclesiae
1002 3617 1235 3698 appropriatae.
1281 3617 1444 3699 Magnum
1471 3617 1559 3679 enim
1584 3637 1634 3680 re·

282 3738 427 3800 medium
458 3746 572 3800 contra
601 3737 908 3819 appropriacionem
939 3737 1150 3802 ecclesiarum
1185 3748 1273 3802 esset
1304 3739 1394 3820 quod
1427 3758 1635 3821 unaquaeque

281 3857 419 3922 ecclesia
446 3858 556 3940 magni
580 3858 699 3921 valoris
724 3869 810 3922 esset
840 3859 978 3924 ecclesia
1004 3860 1190 3942 collegiata,
1213 3862 1260 3924 ita
1287 3870 1324 3925 ut
1354 3870 1454 3925 certae
1483 3880 1635 3943 personae

281 3987 315 4042 et
343 3979 422 4042 boni
456 3978 564 4042 clerici
594 3980 638 4042 ibi
668 3980 892 4056 fundarentur,
927 3992 960 4045 et
994 3981 1184 4061 residerent,
1215 3992 1249 4046 et
1282 3982 1324 4046 de
1354 3983 1451 4046 bonis
1485 3983 1633 4065 ejusdem

282 4098 427 4162 ecclesiae
453 4099 609 4174 viverent,
636 4110 669 4164 et
700 4121 784 4164 unus
811 4123 921 4165 eorum
949 4123 1062 4167 curam
1093 4105 1253 4186 reciperet
1280 4103 1464 4186 parochiae3
1496 4114 1529 4168 et
1556 4114 1635 4168 tunc

282 4220 369 4282 bona
400 4220 546 4282 ecclesiae
577 4222 844 4303 expenderentur
874 4222 955 4286 infra
988 4222 1188 4305 parochiam,
1218 4233 1251 4287 et
1287 4224 1391 4288 eciam
1422 4226 1571 4289 doctrina
1601 4233 1636 4288 et
