3818 4904
663 450 762 504 LOCI
788 451 816 503 E
844 450 970 504 LIBRO
1005 451 1264 509 VERJTATmu.
1584 439 1644 522 183

287 667 391 730 virtus
414 666 464 741 sit,
487 665 621 747 adjutor
643 665 676 727 in
700 664 1018 729 tribulacionibusi'
1048 678 1082 731 et
1105 669 1222 732 doctor
1246 668 1409 732 Ricardus
1433 669 1642 750 Flemmyng‚

289 787 510 851 Eboracensis
537 787 678 850 diocesis
706 795 811 865 natus,
839 786 896 868 qui
927 787 988 850 luit
1016 787 1191 871 episcopus
1218 789 1462 854 Lincolniensis
1488 789 1644 866 famosus,

288 909 374 970 circa
403 927 527 970 annum
560 906 697 969 Domini
729 928 761 969 m
783 927 859 971 cccc
882 928 933 970 xx
971 908 1104 971 induxit
1140 908 1285 972 Oxoniae
1316 910 1453 973 modum
1485 909 1644 972 usitatum

285 1029 356 1110 jam
380 1032 466 1092 inter
487 1027 663 1109 theologos
687 1027 841 1102 Oxoniae‚
866 1027 899 1090 in
922 1029 1108 1110 quaestione
1130 1032 1357 1111 proponenda,
1382 1039 1415 1094 et
1443 1031 1475 1093 in
1502 1039 1646 1113 quatuor

286 1149 554 1212 conclusionibus
583 1148 747 1230 ponendis
777 1149 1052 1212 concernentibus
1078 1151 1222 1231 primum
1249 1159 1283 1213 et
1314 1153 1494 1216 secundum
1522 1160 1556 1215 et
1586 1151 1645 1233 iijm

287 1279 323 1333 et
346 1279 500 1351 quartum
528 1269 648 1331 librum
680 1267 932 1332 Sentenciarum
959 1271 1233 1333 concernentibus
1256 1268 1337 1356 (sic),
1362 1279 1396 1335 et
1423 1274 1509 1337 sicut
1535 1272 1645 1336 solent

287 1389 404 1454 iratres
425 1399 582 1453 vacantes
608 1389 720 1451 studio
747 1389 869 1451 cotidie
896 1410 1019 1470 ponere
1046 1400 1153 1454 certas
1176 1378 1403 1465 conclusiones
1426 1413 1510 1474 quas
1532 1400 1645 1456 tenere

288 1512 468 1574 intendunt
498 1509 712 1590 arguentibus
744 1509 791 1571 eis
821 1510 889 1585 sic3
926 1509 1051 1572 bonum
1083 1520 1134 1574 est
1161 1510 1231 1592 jam
1262 1513 1471 1593 praedicatori
1501 1524 1538 1577 ut
1568 1534 1645 1594 pro·

289 1641 393 1714 ponat
423 1633 456 1693 in
488 1630 649 1713 principio
680 1631 730 1693 sui
763 1630 1062 1694 sermonis‘certas
1093 1632 1256 1710 materias,
1287 1633 1320 1695 in
1351 1634 1471 1715 quibus
1501 1634 1645 1698 intendit

287 1773 411 1835 ponere
441 1761 548 1815 certas
578 1749 813 1828 conclusiones,
842 1770 938 1813 veras
969 1757 1003 1813 et
1033 1751 1130 1814 utiles
1160 1750 1285 1834 populo
1316 1760 1350 1815 et
1381 1753 1476 1830 clero,
1507 1763 1541 1817 et
1572 1753 1645 1816 illas

287 1872 514 1937 conclusiones
536 1871 654 1953 probet
677 1871 855 1933 autoritate
875 1870 1044 1952 scripturae
1068 1892 1178 1948 sacrae,
1199 1873 1251 1935 vel
1274 1882 1472 1950 sanctorum,
1490 1873 1542 1936 vel
1566 1875 1645 1937 doc-

288 2005 408 2068 torum,
425 1992 478 2055 vel
494 1993 630 2069 ratione,
645 1992 730 2055 sicut
745 2000 839 2072 patet
858 1991 890 2052 in
912 1990 1019 2053 forma
1040 2012 1115 2073 quae
1133 1990 1186 2055 hic
1204 1993 1415 2075 consequitur
1432 2003 1466 2057 et
1482 1994 1644 2058 scribitur.

289 2115 390 2178 Dicat
415 2134 494 2196 ergo
516 2112 714 2194 praedicator
736 2113 768 2173 in
792 2111 954 2194 principio
977 2111 1027 2174 sui
1055 2113 1216 2176 sermonis
1239 2114 1303 2177 isto
1328 2114 1448 2178 modo:
1481 2115 1644 2179 ‘Intendo

286 2237 321 2297 in
337 2254 489 2298 sermone
505 2254 588 2306 me0‚
605 2253 664 2315 per
682 2232 746 2294 Dei
768 2233 922 2314 graciam,
938 2240 1081 2295 tractare
1101 2233 1143 2296 de
1164 2234 1260 2297 certis
1282 2235 1428 2298 materiis
1452 2237 1645 2299 necessariis

288 2376 345 2418 seu
368 2354 513 2431 utilibus,
536 2364 571 2417 et
594 2353 626 2415 in
649 2353 765 2415 iisdem
790 2353 935 2416 materiis
959 2353 1096 2416 intendo
1118 2374 1242 2434 ponere
1265 2364 1371 2417 certas
1394 2363 1428 2418 et
1449 2376 1544 2418 veras
1566 2376 1645 2419 con·

286 2476 458 2550 clusiones‚
478 2476 615 2538 intendo
638 2474 726 2537 enim
746 2473 816 2554 jam
841 2473 930 2554 loqui
954 2474 998 2536 de
1020 2473 1141 2537 timore
1163 2472 1320 2537 habendo
1342 2475 1385 2538 ad
1410 2475 1521 2539 Deum
1545 2486 1580 2541 et
1602 2477 1645 2541 de

287 2617 401 2660 amore
426 2598 470 2660 ad
497 2596 607 2659 Deum
634 2595 800 2659 habendo.
853 2595 892 2657 ln
919 2595 1025 2677 prima
1048 2597 1196 2672 materia,
1219 2597 1261 2660 de
1284 2597 1410 2674 timore,
1434 2618 1523 2680 pono
1553 2600 1644 2681 quod

288 2719 415 2780 “timor
438 2717 502 2780 Dei
526 2726 575 2780 est
603 2717 736 2779 inicium
764 2713 971 2797 sapienciae.”
1017 2716 1112 2791 Item,
1136 2715 1226 2779 aliud
1258 2727 1317 2793 est,
1340 2720 1430 2800 quod
1460 2720 1516 2801 qui
1548 2721 1645 2783 timet

289 2839 398 2901 Deum
423 2837 522 2901 nichil
546 2838 691 2920 negligit,
716 2858 772 2900 seu
797 2837 1022 2919 praetermittit
1045 2837 1148 2901 debiti
1174 2837 1233 2912 sui,
1259 2839 1348 2919 quod
1372 2849 1505 2903 tenetur
1526 2840 1643 2904 facere.

288 2958 384 3033 Item,
407 2957 473 3021 alia
503 2958 671 3022 conclusio
700 2967 760 3036 est,
783 2959 872 3040 quod
904 2958 987 3020 sicut
1014 2957 1114 3020 timor
1141 2955 1204 3021 Dei
1236 2967 1286 3021 est
1317 2958 1461 3034 inicium,
1486 2961 1645 3025 inducens

287 3080 397 3163 plures
420 3079 566 3157 virtutes,
588 3088 622 3142 et
645 3078 814 3142 hominem
842 3099 862 3141 a
889 3078 986 3169 malo,
1009 3078 1056 3140 sic
1080 3079 1281 3141 contrarium
1312 3078 1392 3160 ejus,
1414 3100 1471 3143 seu
1495 3083 1645 3146 carencia

286 3201 423 3274 timoris,
440 3200 567 3263 inducit
586 3200 681 3281 plura
704 3199 790 3264 mala
810 3200 842 3261 in
866 3198 1048 3261 hominem.
1094 3198 1203 3261 Prima
1219 3199 1395 3277 conclusio,
1410 3201 1500 3283 quod
1518 3203 1645 3266 “timor

288 3321 352 3384 Dei
376 3330 426 3384 est
448 3322 582 3385 inicium
602 3317 806 3402 sapienciae,'’
822 3320 1008 3383 ostenditur
1023 3319 1087 3382 isto
1108 3320 1229 3382 modo:
1254 3320 1420 3401 sapiencia
1437 3331 1487 3385 est
1502 3321 1644 3402 habitus,

288 3442 458 3505 mediante
480 3464 556 3525 qu0,
571 3441 707 3505 habenti
731 3441 832 3519 illum,
849 3441 937 3522 sapit
959 3438 1130 3521 objectum
1152 3460 1212 3521 per
1234 3441 1391 3504 noticiam
1415 3450 1449 3505 et
1471 3463 1531 3524 per
1551 3463 1644 3506 amo·

288 3583 365 3627 rem.
412 3563 553 3645 Sapiens
576 3574 627 3627 est
649 3563 705 3644 qui
728 3572 816 3626 recte
838 3562 925 3643 sapit
947 3561 980 3625 in
1003 3570 1124 3633 mente,
1142 3571 1176 3625 et
1197 3562 1228 3623 in
1251 3561 1370 3625 affectu
1392 3583 1472 3641 suo;
1496 3572 1528 3626 et
1545 3563 1645 3628 timor

288 3685 361 3762 Dei,
377 3704 444 3766 quo
463 3685 559 3748 timet
579 3684 681 3747 homo
704 3692 800 3747 tanto
820 3703 952 3746 summo
973 3681 1063 3745 bono
1083 3682 1260 3756 offendere,
1276 3683 1403 3747 inducit
1423 3685 1455 3746 in
1473 3683 1644 3748 hominem

286 3803 374 3868 hunc
401 3805 605 3887 spiritualem
628 3813 772 3887 gustum,
798 3825 864 3886 quo
887 3803 988 3867 homo
1011 3803 1112 3867 habet
1135 3804 1289 3867 noticiam
1320 3803 1440 3867 divinae
1463 3804 1645 3870 voluntatis

286 3935 321 3990 et
351 3926 520 4002 bonitatis,
555 3935 588 3989 et
618 3936 734 3989 causat
763 3925 933 3988 hominem
963 3944 1111 4008 quaerere
1141 3926 1251 3988 media
1284 3946 1344 4007 per
1372 3947 1449 4008 quae
1479 3927 1645 4008 attingere

287 4056 398 4130 potest
416 4049 458 4110 ad
477 4046 597 4122 Deum,
615 4048 671 4129 qui
695 4067 861 4110 summum
881 4047 1005 4109 bonum
1024 4057 1095 4124 est3
1120 4055 1153 4110 et
1176 4047 1221 4109 sic
1236 4048 1337 4110 timor
1352 4047 1416 4109 Dei
1436 4057 1487 4110 est
1509 4047 1644 4111 inicium

288 4168 495 4231 inductivum
527 4167 702 4251 sapienciae
740 4168 772 4230 in
807 4166 995 4232 hominem?
1048 4167 1094 4231 Et
1124 4169 1149 4230 si
1180 4168 1378 4250 praedicator
1406 4168 1557 4233 intendat
1586 4169 1645 4233 de·

285 4287 411 4355 clarare
446 4298 556 4355 certas
588 4290 744 4355 materias
773 4289 962 4373 propositas
991 4288 1024 4352 in
1055 4289 1216 4372 principio
1246 4290 1296 4352 sui
1325 4289 1488 4355 sermonis
1518 4290 1644 4373 absque
