3818 4904
685 434 785 490 LOCI
811 436 840 489 Ε
869 437 993 492 LIBRO
1029 437 1285 494 VERITATUM.
1624 446 1664 512 29

399 645 629 711 Tercia'causa
645 648 778 713 haeresis
793 650 864 727 suit,
880 651 957 733 quia
972 651 1082 734 plures
1098 653 1247 716 videntes
1263 650 1373 733 plures
1389 670 1533 714 asserere
1552 671 1664 728 unum,

311 776 345 830 et
365 787 461 848 aeque
482 766 591 850 plures
607 768 758 833 homines
774 791 918 835 asserere
936 772 1145 850 contrarium,
1162 792 1227 835 non
1242 771 1422 835 credebant
1437 791 1514 834 vero
1529 779 1665 854 propter

311 886 535 952 diversitatem
566 889 758 969 opinionum
789 902 823 955 et
853 893 1016 956 contraria
1046 892 1237 969 dicendum,
1265 901 1299 955 et
1328 891 1375 955 sic
1405 911 1471 954 non
1502 901 1662 955 noverunt

313 1027 373 1071 nec
400 1008 620 1072 crediderunt
635 1031 748 1073 verum
776 1032 836 1075 nec
860 1033 959 1093 opere
984 1012 1222 1094 impleverunt3
1255 1023 1288 1075 et
1314 1011 1360 1074 sic
1384 1031 1499 1075 vocem
1520 1010 1663 1092 proximi

312 1127 360 1190 sui
385 1129 417 1190 in
441 1127 581 1192 aedificio
604 1131 701 1194 turris
725 1131 893 1195 Babilonis
917 1132 1026 1196 nullus
1050 1132 1223 1205 intellexit,
1246 1132 1306 1195 i.e.
1321 1151 1434 1194 verum
1458 1130 1661 1194 intellectum

312 1268 379 1312 non
406 1249 528 1331 recepit
552 1259 687 1332 propter
710 1251 935 1316 confusionem
963 1274 1107 1318 errorum
1131 1263 1164 1317 et
1189 1252 1380 1334 opinionum
1407 1251 1661 1316 contrariarum:

312 1378 346 1432 et
376 1367 448 1432 haec
479 1377 513 1452 3·
542 1389 641 1433 causa
671 1370 804 1436 haeresis
834 1383 927 1455 patet
953 1395 1011 1455 per
1040 1383 1190 1437 sanctum
1219 1383 1253 1436 et
1276 1370 1497 1435 venerabilem
1526 1371 1663 1449 Bedam,

310 1490 481 1554 doctorem
513 1501 547 1554 et
581 1491 780 1556 monachum
815 1493 1012 1576 Anglorum‚
1044 1513 1144 1576 super
1175 1492 1330 1556 Genesim
1363 1492 1466 1555 Accae
1497 1493 1661 1573 episcopo,

310 1609 458 1691 capitulo
488 1610 546 1689 xi;
578 1610 722 1676 haeretici
753 1615 840 1676 enim
870 1615 946 1696 vagi
977 1625 1095 1693 errant,
1119 1633 1205 1676 nunc
1235 1612 1278 1674 ad
1309 1611 1369 1675 has
1400 1631 1486 1677 nunc
1516 1612 1559 1674 ad
1591 1611 1663 1674 illas

310 1730 495 1794 sentencias
525 1741 741 1808 transeuntes
771 1755 837 1796 non
870 1734 959 1798 enim
990 1736 1037 1797 eis
1069 1733 1178 1816 placet
1208 1733 1298 1815 quod
1328 1731 1430 1795 semel
1461 1740 1663 1813 receperunt,

310 1851 368 1914 secl
404 1872 535 1934 semper
565 1861 678 1916 vetera
713 1864 842 1918 mutant
876 1857 978 1934 novis,
1014 1865 1047 1918 et
1084 1854 1289 1918 ethnicorum
1328 1853 1499 1917 imitantur
1528 1872 1662 1916 errores.

311 1971 397 2036 Haec
423 1982 556 2036 sanctus
580 1974 768 2055 Jeronimus
790 1996 889 2058 super
911 1975 1010 2041 Oseae
1033 1977 1243 2060 prophetiam
1267 1975 1413 2058 capitulo
1436 1977 1506 2055 ix⁰;
1527 1985 1567 2052 ⁴,et
1590 1995 1662 2057 ego,

309 2091 426 2156 doctor
460 2102 495 2156 et
528 2092 741 2158 cancellarius
773 2094 925 2175 Oxoniae‚
959 2099 1034 2160 novi
1065 2098 1154 2180 quod
1186 2097 1248 2160 iste
1278 2096 1455 2178 praedictus
1489 2096 1662 2178 episcopus

309 2209 516 2296 Reginaldus
538 2235 597 2295 per
618 2214 727 2296 plures
743 2237 845 2280 annos
861 2217 989 2281 solebat
1005 2217 1099 2301 plura
1114 2217 1263 2294 scribere,
1279 2227 1313 2281 et
1334 2236 1465 2300 semper
1484 2226 1661 2299 postquam

308 2334 429 2416 scripta
465 2342 566 2411 erant,
601 2336 736 2417 propria
764 2358 823 2400 sua
859 2358 957 2400 manu
994 2337 1187 2401 cancellavit
1216 2338 1336 2416 omnia,
1369 2338 1482 2401 dicens
1515 2338 1660 2420 seipsum

308 2454 466 2537 reperisse
496 2457 585 2537 quod
616 2456 699 2521 salsa
729 2467 763 2522 et
798 2459 911 2541 inepta
943 2460 1032 2541 prius
1068 2459 1249 2541 scripserat,
1279 2468 1313 2521 et
1336 2460 1389 2522 ‘sic
1423 2459 1597 2522 scribendo
1628 2469 1661 2523 et

307 2576 413 2639 eciam
437 2576 470 2638 in
493 2577 696 2642 consiliando
719 2580 901 2662 saepissime
925 2581 1088 2645 revocavit
1111 2590 1148 2644 ut
1170 2579 1261 2657 salsa,
1279 2599 1354 2661 quae
1378 2580 1466 2662 prius
1486 2580 1660 2644 scribendo

307 2708 342 2762 et
357 2697 498 2762 dicendo
513 2699 652 2763 asseruit
671 2717 742 2764 esse
757 2720 842 2778 vera,
865 2709 899 2764 et
921 2701 967 2765 sic
989 2711 1128 2784 apparet
1150 2700 1337 2765 Salomonis
1359 2700 1493 2775 dictum,
1510 2701 1660 2766 ‘Stultus

307 2825 345 2880 ut
368 2815 446 2879 luna
469 2819 654 2896 mutatur3'
677 2828 711 2882 et
737 2820 784 2883 sic
808 2820 898 2882 omni
922 2829 1023 2884 vento
1046 2818 1271 2884 circumfertur
1293 2828 1327 2882 et
1350 2829 1501 2882 movetur
1524 2828 1557 2882 et
1582 2821 1660 2885 doc·

307 2935 400 3000 trinis
433 2938 530 3000 variis
567 2938 749 3003 abducitur.
816 2939 886 3003 Iste
923 2939 1129 3023 Reginaldus
1168 2939 1354 3021 Episcopus
1390 2937 1589 3003 Assavensis
1626 2941 1660 3003 in

307 3056 428 3122 Wallia
450 3058 548 3123 valde
570 3059 632 3123 ruit
656 3060 835 3142 dispositus
855 3062 898 3124 ad
921 3059 1047 3142 lepram
1070 3061 1214 3144 corporis
1238 3071 1270 3125 et
1294 3060 1404 3142 plures
1426 3061 1468 3123 de
1490 3061 1660 3142 parentela

306 3201 368 3245 sua
393 3179 523 3245 luerunt
552 3201 689 3262 corpore
722 3181 869 3263 leprosi3
910 3181 1015 3246 eciam
1050 3183 1113 3247 iste
1151 3183 1324 3265 episcopus
1353 3181 1415 3245 fuit
1444 3181 1592 3265 leprosus
1625 3183 1658 3245 in

308 3310 428 3379 mente,
464 3302 522 3366 ie.
556 3302 730 3366 haereticus
765 3302 855 3366 lama
890 3303 1033 3386 plurium
1064 3303 1135 3367 suit.
1195 3304 1312 3386 Nuper
1347 3324 1432 3366 unus
1462 3305 1555 3386 quasi
1589 3302 1659 3367 xxti

306 3442 469 3487 annorum
492 3422 626 3487 scolaris
650 3424 682 3487 in
705 3425 921 3507 grammatica
945 3423 1098 3499 Oxoniae,
1123 3425 1179 3507 qui
1203 3426 1351 3488 existens
1372 3425 1405 3487 in
1428 3423 1542 3488 habitu
1566 3445 1659 3488 secu·

306 3541 367 3606 lari
391 3553 562 3609 accusatus
587 3545 648 3608 suit
674 3545 741 3629 regi
766 3544 901 3628 Angliae
928 3545 1071 3610 Henrico
1095 3557 1194 3610 sexto
1218 3547 1261 3609 de
1289 3547 1425 3609 diversis
1450 3555 1483 3609 et
1508 3545 1659 3627 pessimis

306 3658 486 3725 haeresibus
516 3671 550 3725 et
581 3663 669 3744 quod
701 3662 897 3726 comedebat
929 3682 1042 3726 carnes
1076 3664 1166 3725 omni
1200 3662 1280 3726 feria
1316 3671 1422 3739 sexta,
1453 3670 1486 3725 et
1516 3661 1658 3725 traditus

297 3781 462 3865 episcopo
492 3781 714 3847 Lincolniensi
748 3783 884 3847 domino
918 3781 1086 3847 Willelmo
1120 3783 1315 3867 Alnewylce‚
1346 3783 1566 3847 incarceratus
1597 3781 1658 3845 suit

306 3902 339 3964 in
369 3902 617 3986 Wallyngsorth
652 3914 685 3968 et
716 3924 825 3967 coram
862 3903 1017 3986 episcopo
1052 3903 1221 3986 abjuratus
1254 3903 1359 3966 sactus
1392 3914 1443 3966 est
1478 3901 1658 3966 monachus

304 4023 516 4099 Abendonae‚
533 4034 566 4088 et
589 4024 633 4087 ibi
657 4023 824 4089 confessus
848 4033 897 4088 est
917 4024 1092 4089 manifeste
1107 4044 1218 4088 coram
1237 4024 1359 4087 abbate
1374 4022 1542 4085 Willelmo
1565 4023 1655 4105 quod

305 4163 422 4208 omnes
453 4143 594 4208 haereses
629 4166 705 4208 suas
745 4155 778 4210 et
812 4165 936 4208 errores
972 4145 1094 4227 recepit
1130 4156 1163 4209 et
1199 4144 1313 4208 didicit
1343 4143 1385 4206 ab
1418 4163 1475 4206 ore
1507 4144 1656 4226 praedicti

305 4262 489 4348 Reginaldi.
508 4265 653 4349 episcopi
680 4276 715 4330 et
740 4288 760 4330 a
787 4265 877 4330 nullo
900 4265 974 4344 alio,
999 4275 1032 4330 et
1062 4265 1134 4329 haec
1161 4286 1232 4329 esse
1258 4284 1333 4327 vera
1361 4284 1471 4328 coram
1498 4264 1657 4346 praedicto
