3818 4904
676 421 774 475 LOCI
799 420 828 473 E
857 420 982 474 LIBRO
1018 417 1276 473 VERITATUM.
1613 425 1652 488 19

297 634 468 699 nacionem
490 636 682 701 hominum’
728 637 867 702 Talibus
887 639 968 701 dicit
988 639 1142 702 dominus
1164 636 1317 700 Matthaei
1337 653 1384 713 14,
1401 634 1551 698 ‘Faciem
1576 630 1652 695 coeli

295 754 477 837 dijudicare
505 758 619 833 nostis,
641 759 736 840 signa
761 768 873 822 autem
897 769 1085 841 temporum
1113 777 1179 821 non
1203 756 1342 839 potestis
1367 751 1468 818 scire.'
1513 750 1651 815 Talibus

295 875 378 939 dicit
399 877 552 940 dominus
574 878 751 942 Malachiae
772 879 887 959 primu,
904 878 953 943 ‘O
979 879 1176 956 sacerdotes,
1195 877 1363 959 despicitis
1385 895 1506 938 nomen
1532 892 1652 950 meum,

295 1003 331 1058 et
353 996 477 1061 offertis
498 1018 597 1080 super
619 997 723 1062 altare
751 1019 862 1061 meum
888 1019 1010 1080 panem
1037 993 1221 1080 pollutum'
1268 996 1323 1061 Sic
1347 996 1488 1060 offerunt
1515 994 1590 1056 Deo
1618 998 1652 1055 et

297 1116 343 1178 sic
370 1118 556 1198 despiciunt
583 1119 694 1181 Deum
726 1128 760 1181 et
791 1118 861 1198 ejus
891 1116 1026 1195 cultum,
1052 1119 1109 1200 qui
1140 1118 1223 1181 dant
1250 1117 1421 1181 ecclesiam
1448 1125 1481 1178 et
1507 1112 1652 1176 officium

295 1255 355 1298 seu
379 1237 526 1320 regimen
548 1238 662 1321 populi
685 1258 773 1302 caeco
797 1238 872 1302 duci
894 1248 928 1302 et
948 1239 1072 1302 vicioso
1093 1239 1149 1321 qui
1172 1239 1288 1320 quaerit
1312 1237 1409 1302 ditari
1433 1247 1467 1299 et
1488 1231 1650 1297 honorari.

297 1355 397 1419 Tales
421 1358 478 1440 qui
500 1358 547 1422 sic
570 1358 751 1435 conferunt,
774 1359 961 1441 despiciunt
986 1359 1106 1434 Deum,
1129 1359 1208 1441 quia
1233 1359 1314 1422 dant
1337 1358 1366 1420 ei
1392 1357 1448 1439 qui
1472 1375 1537 1419 non
1560 1360 1653 1418 curat

193 1482 197 1487 '
296 1476 340 1540 de
360 1476 423 1540 hiis
443 1499 519 1559 quae
540 1478 604 1541 Dei
626 1487 702 1541 sunt
725 1487 758 1541 et
779 1479 822 1541 de
841 1478 904 1541 hiis
923 1499 999 1560 quae
1020 1480 1187 1561 pertinent
1207 1478 1305 1541 saluti
1326 1478 1518 1541 animarum.
1565 1474 1651 1537 Item

297 1597 482 1679 despiciunt
513 1599 624 1661 Deum
654 1600 732 1679 quia
759 1619 826 1662 non
853 1598 1025 1662 conferunt
1055 1598 1228 1663 ecclesiam
1257 1597 1306 1660 illi
1336 1597 1392 1680 qui
1422 1617 1483 1679 per
1508 1595 1652 1658 officium

296 1738 393 1779 suum
420 1726 540 1799 potest,
567 1719 637 1795 scit,
665 1728 697 1781 et
723 1718 798 1781 vult
822 1719 937 1781 melius
964 1718 1040 1782 Deo
1069 1718 1200 1800 placere
1230 1728 1263 1782 et
1293 1717 1400 1800 magis
1430 1715 1556 1780 cultum
1587 1711 1653 1777 Dei

295 1846 511 1918 augmentare
532 1847 565 1901 et
587 1839 715 1902 animas
739 1840 813 1902 Deo
835 1840 1003 1921 acquirere
1024 1839 1134 1915 verbo,
1162 1837 1331 1921 exemplo,
1353 1848 1388 1900 et
1414 1835 1570 1914 subsidio,
1592 1834 1652 1899 sed

297 1956 344 2020 illi
375 1957 547 2021 conferunt
577 1958 751 2022 ecclesiam
777 1959 830 2022 vel
860 1959 1004 2022 officium
1035 1958 1127 2040 cujus
1151 1969 1229 2022 sunt
1255 1957 1415 2040 obsequio
1439 1955 1575 2032 deliniti,
1598 1954 1653 2018 vel

295 2097 357 2159 pro
379 2098 447 2160 quo
470 2097 611 2160 magnus
635 2079 667 2141 in
693 2080 817 2142 mundo
842 2080 979 2161 rogavit,
1000 2078 1052 2142 vel
1076 2080 1106 2141 ei
1131 2080 1187 2162 qui
1213 2099 1348 2142 munere
1369 2078 1433 2141 hoc
1455 2076 1654 2159 impetravit,

297 2218 363 2260 non
391 2197 436 2260 illi
464 2196 589 2261 homini
614 2199 665 2262 cui
692 2200 785 2262 Deus
811 2199 981 2264 ecclesiam
1006 2219 1063 2262 seu
1091 2200 1234 2264 officium
1261 2198 1399 2264 conferri
1426 2197 1585 2280 praecipit,
1607 2216 1653 2260 sc.

296 2317 342 2380 illi
368 2319 425 2400 qui
449 2318 518 2382 vita
542 2328 575 2381 et
602 2319 742 2383 sciencia
765 2320 861 2402 erigit
888 2320 970 2384 alios
996 2320 1040 2383 de
1062 2320 1149 2382 mala
1171 2319 1295 2383 vitain
1322 2319 1455 2395 bonam,
1477 2318 1520 2381 de
1547 2337 1653 2380 errore

295 2439 329 2530 in
366 2439 551 2516 scienciam,
582 2449 616 2501 et
645 2440 701 2521 qui
734 2441 839 2522 magis
873 2441 935 2504 scit
970 2450 1004 2504 et
1032 2439 1103 2503 vult
1133 2439 1306 2502 animabus
1336 2439 1501 2521 prodesse.
1559 2437 1654 2500 Talis

295 2567 456 2641 patronus
486 2568 519 2623 et
549 2558 625 2622 talis
655 2560 779 2643 eligens
812 2570 845 2624 et
880 2561 937 2642 qui
973 2560 1048 2642 eligi
1084 2569 1237 2642 procurat
1271 2559 1425 2641 aliquem,
1460 2578 1560 2640 quem
1592 2576 1653 2621 nec

295 2679 478 2743 secundum
502 2680 640 2742 racionis
666 2680 828 2762 judicium
859 2702 919 2746 nec
949 2702 1008 2764 per
1033 2701 1160 2744 sacram
1187 2680 1382 2762 scripturam
1411 2678 1554 2761 eligeret,
1578 2679 1652 2742 des·

294 2799 375 2881 picit
405 2800 527 2874 Deum,
555 2811 589 2863 et
617 2821 683 2864 non
713 2811 806 2864 curat
838 2803 880 2864 de
910 2801 1018 2865 salute
1044 2803 1240 2876 animarum,
1263 2809 1297 2864 et
1326 2798 1385 2863 tali
1416 2799 1504 2863 dicet
1535 2799 1653 2863 Domi·

296 2941 359 2983 nus
389 2920 422 2983 in
453 2920 507 2983 die
533 2919 648 3000 judicii
683 2920 763 2984 illud
795 2923 901 3004 primo
932 2943 1069 3005 regum:
1104 2922 1233 3005 ‘Magis
1262 2921 1430 2985 honorasti
1461 2919 1547 2983 filios
1577 2929 1653 2983 tuos

295 3060 396 3123 quam
419 3038 505 3117 me;’
551 3040 604 3104 i.e.
628 3043 733 3123 magis
755 3040 860 3105 fecisti
883 3063 944 3124 pro
971 3041 1031 3106 tali
1057 3042 1192 3106 homine
1214 3063 1315 3125 quem
1337 3041 1511 3106 carnaliter
1534 3040 1653 3122 diligis,

295 3160 346 3225 vel
378 3160 485 3243 magis
517 3159 664 3225 dilexisti
694 3164 783 3226 dona
813 3172 847 3226 et
881 3183 1017 3227 munera
1050 3184 1109 3246 pro
1142 3163 1262 3246 quibus
1294 3162 1422 3227 confers
1455 3160 1652 3225 beneficium

295 3281 347 3346 vel
374 3282 518 3345 officium
543 3302 645 3364 quam
673 3303 734 3360 me,
759 3284 836 3364 quia
866 3284 893 3345 si
921 3304 975 3347 me
1002 3285 1106 3367 magis
1132 3284 1311 3347 honorares
1338 3294 1373 3347 et
1401 3281 1564 3365 diligeres,
1593 3280 1652 3345 tali

295 3403 420 3466 homini
453 3402 596 3466 officium
628 3405 732 3482 dares,
758 3426 857 3488 quem
895 3406 958 3469 scis
990 3406 1043 3470 vel
1072 3406 1179 3469 credis
1210 3406 1315 3488 magis
1346 3405 1420 3468 Deo
1453 3403 1584 3486 placere
1618 3410 1653 3466 et

296 3524 402 3607 magis
425 3524 526 3588 verbo
553 3534 586 3589 et
613 3525 701 3588 bono
726 3527 883 3608 exemplo
911 3529 1038 3591 animas
1066 3529 1141 3592 Deo
1168 3537 1367 3603 convertere,
1395 3535 1428 3590 et
1454 3527 1509 3607 qui
1535 3523 1652 3586 melius

294 3653 414 3728 potest,
436 3645 507 3723 scit,
530 3655 563 3709 et
585 3646 656 3710 vult
675 3667 784 3730 opera,
806 3669 882 3731 quae
906 3650 1000 3714 Deus
1022 3648 1092 3712 fieri
1116 3651 1274 3733 praecipit,
1297 3648 1443 3731 implere.

383 3775 416 3842 [p.
435 3775 504 3841 326]
542 3766 584 3832 Ξῖ
605 3768 725 3850 aliquis
751 3769 905 3834 fundaret
930 3771 1106 3855 collegium
1132 3773 1175 3836 ad
1202 3780 1418 3853 augmentum
1445 3766 1593 3831 scienciae
1618 3774 1653 3828 et

295 3888 455 3952 doctrinae
484 3889 537 3951 vel
565 3889 742 3973 religiosos,
771 3901 807 3954 ut
835 3901 949 3955 sancte
975 3895 1086 3957 vivant
1112 3906 1151 3981 ¹et
1181 3902 1295 3958 sancte
1325 3894 1476 3965 doceant,
1498 3888 1651 3951 fundaret

297 4028 354 4072 eos
381 4010 519 4091 propriis
542 4012 609 4073 suis
632 4013 727 4075 bonis
750 4022 784 4076 et
807 4035 864 4076 eos
888 4013 1061 4079 exhiberet
1088 4018 1157 4080 sine
1183 4014 1373 4098 gravamine
1396 4021 1429 4076 ct
1452 4010 1651 4074 detrimento

294 4130 489 4206 animarum,
511 4142 545 4195 et
568 4134 642 4197 ideo
667 4155 733 4198 non
761 4135 807 4198 sic
834 4137 1085 4219 appropriarcnt
1110 4137 1265 4202 ecclesias
1288 4132 1493 4219 parochiales
1517 4131 1651 4213 quando

296 4262 403 4317 rector
429 4252 499 4334 ejus
525 4275 581 4317 seu
611 4268 742 4320 curatus
768 4267 922 4339 gravetur
947 4258 979 4321 in
1003 4261 1149 4342 penuria,
1177 4259 1229 4323 vel
1256 4267 1291 4321 ut
1317 4264 1470 4340 gravetur
1496 4252 1651 4337 parochia

943 4375 967 4424 D
985 4379 1002 4425 2
