3818 4904
712 401 979 456 DECOLLATIO
1001 401 1169 457 SCROPE.
1549 408 1610 471 227

264 614 418 680 dominus
438 615 586 680 Thomas
611 615 852 699 Cumyrwurth,
874 615 969 681 miles
992 614 1231 681 Lincolniensis
1257 617 1404 695 diocesis,
1430 637 1488 699 per
1510 617 1613 680 verba

263 735 501 819 archiepiscopi
524 737 658 801 reduxit
684 737 717 798 in
741 736 791 799 sui
816 736 918 819 ipsius
941 738 1134 801 memoriam
1161 738 1362 820 pacienciam
1385 748 1419 803 et
1440 737 1612 802 caritatem

263 856 528 939 prothomartiris
554 856 726 940 Stephani,
750 857 881 920 veniam
909 877 969 939 pro
994 858 1062 922 suis
1088 859 1227 923 inimicis
1250 880 1271 922 a
1293 859 1369 922 Deo
1393 856 1611 940 postulantis3

264 986 299 1041 et
321 997 412 1052 mox,
437 978 555 1041 eadem
579 977 633 1040 die
658 986 733 1059 post
763 977 942 1051 meridiem,
970 978 1089 1042 ductus
1112 987 1163 1042 est
1189 1000 1287 1062 super
1309 998 1431 1060 equum
1453 978 1495 1042 ad
1518 997 1612 1041 suam

264 1096 531 1175 decollacionem,
561 1098 627 1179 qui,
660 1098 793 1179 quando
826 1118 925 1180 super
957 1118 1080 1181 equum
1114 1099 1172 1163 vix
1207 1100 1428 1181 quadraginta
1463 1098 1612 1162 denarios

263 1216 429 1282 valentem
456 1217 658 1294 ascenderet,
681 1217 777 1293 dixit,
800 1217 956 1282 ‘Gracias
982 1239 1046 1301 ago
1069 1220 1145 1283 Deo
1171 1219 1401 1302 omnipotenti,
1424 1217 1504 1300 quia
1529 1238 1613 1281 nun·

262 1357 363 1419 quarn
390 1337 515 1421 placuit
545 1337 644 1400 michi
671 1357 775 1419 equus
805 1338 888 1401 sicut
911 1338 973 1402 iste
1002 1339 1113 1421 placet
1124 1335 1143 1418 ;'
1174 1349 1208 1404 et
1235 1339 1413 1414 Psalmum,
1438 1337 1611 1413 ‘Domine

263 1458 386 1522 exaudi
409 1457 610 1533 secundum,’
625 1457 739 1536 oravit,
755 1459 801 1520 sic
822 1458 1002 1539 equitando
1024 1478 1100 1522 cum
1115 1460 1258 1542 capistro
1278 1468 1312 1524 et
1332 1458 1476 1526 chimera
1490 1455 1613 1542 (veste)

263 1576 367 1642 blodii
393 1578 510 1643 coloris
533 1578 670 1642 manicis
693 1579 813 1642 tunicae
835 1599 903 1641 suae
927 1578 1076 1661 ejusdem
1099 1580 1216 1644 coloris
1238 1579 1466 1653 existentibus,
1485 1588 1612 1642 vestem

262 1706 376 1762 tamen
400 1697 531 1777 lineam,
557 1719 624 1782 qua
651 1708 788 1763 utuntur
814 1698 959 1782 episcopi
984 1699 1055 1763 vice
1082 1699 1192 1782 ephot,
1218 1721 1284 1763 non
1310 1699 1464 1763 sinebant
1488 1696 1612 1762 archie-

261 1819 435 1902 piscopum
457 1819 522 1897 uti3
546 1819 646 1883 etsie
668 1839 745 1882 cum
767 1818 904 1900 capucio
922 1817 1090 1901 jacinctivi
1112 1819 1182 1883 sive
1203 1819 1306 1883 blodii
1328 1818 1446 1883 coloris
1467 1818 1613 1901 undique

262 1939 348 2003 circa
369 1938 523 2002 humeros
545 1960 622 2003 suos
644 1940 819 2021 pendente,
836 1948 870 2005 et
892 1941 938 2002 sic
960 1939 1079 2004 ductus
1101 1950 1152 2003 est
1174 1940 1258 2005 sicut
1280 1940 1350 2004 ovis
1372 1938 1415 2004 ad
1433 1938 1611 2014 victimam,

262 2059 319 2142 qui
342 2081 408 2123 non
429 2061 559 2143 aperuit
579 2080 617 2123 os
639 2081 744 2138 suum,
761 2081 820 2125 nec
842 2060 886 2124 ad
906 2060 1093 2139 vindictam,
1109 2082 1169 2126 nec
1192 2062 1235 2126 ad
1258 2059 1613 2127 excommunicacionis

261 2180 475 2245 sentenciam.
513 2180 590 2264 Qui,
615 2200 690 2244 curn
713 2182 756 2244 ad
778 2180 888 2245 locum
911 2181 1142 2246 decollacionis
1165 2183 1358 2265 perveniret,
1381 2182 1488 2247 dixit:
1511 2181 1612 2245 ‘Om-

262 2300 416 2383 nipotens
439 2301 553 2365 Deus!
591 2301 651 2365 tibi
682 2301 784 2365 offero
815 2301 978 2384 meipsum
1002 2312 1035 2367 et
1058 2323 1173 2367 causas
1202 2323 1262 2385 pro
1287 2304 1405 2386 quibus
1435 2302 1551 2385 patior,
1578 2309 1613 2364 et

262 2422 394 2485 veniam
416 2442 436 2484 a
459 2429 493 2485 te
517 2431 596 2503 peto
618 2422 662 2486 de
688 2421 841 2485 omnibus
866 2422 1022 2505 peccatis,
1048 2433 1082 2487 et
1104 2423 1347 2505 indulgenciam
1370 2431 1448 2505 peto
1471 2422 1515 2485 de
1540 2441 1612 2484 om·

262 2541 359 2606 nibus
389 2544 509 2624 quibus
543 2563 602 2625 per
638 2543 850 2606 commissum
880 2543 932 2607 vel
963 2564 1022 2626 per
1054 2544 1178 2606 bonum
1207 2543 1366 2607 omissum
1396 2540 1550 2625 peccavi,'
1578 2551 1612 2606 et

262 2673 341 2728 tunc
364 2664 534 2745 capacium
559 2673 593 2727 et
619 2674 731 2728 tenarn
754 2665 797 2728 ad
825 2673 946 2727 terram
970 2666 1146 2748 deposuit;
1176 2675 1210 2729 et
1232 2664 1373 2729 Thomae
1396 2663 1530 2742 Alman,
1552 2683 1612 2726 suo

262 2783 464 2862 decollatori,
487 2785 544 2866 qui
571 2784 632 2848 suit
659 2795 756 2848 natus
782 2785 815 2847 in
839 2785 1003 2866 Popiltun,
1029 2794 1063 2850 et
1085 2806 1145 2869 per
1170 2786 1357 2867 quindecim
1383 2805 1488 2848 annos
1514 2793 1612 2848 antea

263 2904 405 2969 Eboraci
432 2906 658 2981 incarceratus,
686 2905 795 2970 dixit:
827 2905 918 2980 ‘Fili
948 2915 1088 2970 mortem
1112 2926 1222 2970 meam
1246 2905 1338 2970 Deus
1367 2906 1427 2969 tibi
1454 2905 1611 2979 remittat,

263 3035 297 3090 et
328 3047 390 3108 ego
421 3025 481 3089 tibi
513 3026 654 3104 remitto,
677 3045 796 3108 rogans
823 3035 857 3089 te
883 3025 999 3090 intime
1026 3035 1062 3089 ut
1089 3027 1148 3089 des
1175 3025 1276 3116 ¹michi
1307 3046 1383 3090 cum
1412 3024 1523 3109 gladio
1553 3035 1612 3089 tuo

262 3146 408 3229 quinque
434 3146 569 3229 vulnera
600 3149 632 3208 in
661 3146 757 3224 collo,
784 3167 859 3229 quae
890 3147 1026 3210 intendo
1055 3148 1216 3210 sustinere
1248 3167 1309 3230 pro
1339 3167 1451 3210 amore
1476 3146 1611 3210 Domini

263 3267 366 3331 nostri
388 3268 477 3347 Jesu,
495 3268 560 3349 qui,
576 3288 637 3350 pro
660 3267 755 3331 nobis
777 3268 936 3331 obediens
958 3287 1060 3350 usque
1082 3268 1126 3330 ad
1147 3277 1296 3346 mortem,
1311 3267 1456 3365 quinque
1477 3265 1612 3330 vulnera

262 3387 456 3472 principalia
478 3389 648 3470 pacienter
669 3388 825 3452 sustinuit
839 3388 857 3465 ;'
879 3397 913 3452 et
936 3388 982 3452 sic
1004 3388 1170 3453 osculatus
1191 3399 1242 3454 est
1265 3409 1340 3452 eum
1361 3388 1464 3451 tribus
1486 3387 1611 3451 vicibus

262 3519 296 3574 et
317 3508 433 3591 positis
455 3509 594 3590 genibus
617 3509 741 3586 orabat,
758 3509 889 3572 dicens:
913 3508 971 3571 ‘ln
996 3530 1112 3573 manus
1135 3519 1217 3590 tuas,
1240 3510 1395 3584 Domine,
1413 3509 1612 3574 commendo

261 3628 412 3712 spiritum
438 3625 578 3708 meum3’
601 3627 724 3711 junctis
748 3629 899 3692 manibus
926 3639 960 3693 et
987 3629 1124 3695 elevatis
1150 3631 1182 3694 in
1209 3630 1339 3708 coelum,
1363 3639 1397 3694 et
1420 3650 1509 3708 mox,
1535 3649 1612 3694 can·

261 3748 389 3814 cellatis
419 3750 571 3813 manibus
599 3771 697 3833 super
727 3759 843 3832 pectus
872 3770 978 3827 suum,
1008 3751 1130 3815 collum
1157 3752 1309 3817 extendit
1336 3750 1610 3835 genuflectend03

261 3880 296 3935 et
325 3880 404 3935 tunc
435 3870 617 3934 decollator
646 3891 721 3934 curn
751 3871 862 3954 gladio
893 3892 969 3936 eum
998 3874 1171 3955 quinquies
1201 3873 1234 3937 in
1264 3872 1350 3937 collo
1378 3872 1547 3955 percussit,
1576 3872 1610 3936 iu

261 4012 327 4056 una
353 3993 536 4074 eademque
561 3993 666 4057 carnis
692 3993 860 4068 divisione,
883 4014 985 4075 quam
1008 3994 1116 4078 primo
1139 3995 1205 4059 ictu
1230 3994 1359 4073 fecerat,
1383 4002 1418 4058 et
1439 3993 1473 4056 in
1494 3993 1610 4077 quinta

260 4113 467 4195 percussione
491 4111 613 4178 collum
635 4113 872 4197 archipraesulis
895 4135 996 4197 super
1017 4124 1140 4180 terram
1164 4115 1283 4179 cecidit
1310 4125 1343 4178 et
1369 4135 1485 4197 corpus
1511 4134 1611 4198 super

260 4234 417 4299 dextrum
436 4234 522 4298 latus
542 4236 585 4298 ad
602 4245 724 4301 terram
743 4236 861 4303 cecidit
884 4236 916 4298 in
937 4237 1038 4300 tercia
1059 4236 1214 4314 sellione3
1241 4237 1387 4319 quinque
1407 4234 1494 4301 enim
1516 4244 1609 4301 erant

891 4353 915 4402 o
930 4360 953 4421 g
969 4357 986 4402 2
