3818 4904
289 411 328 477 82
670 421 768 475 LOCI
793 422 822 474 E
852 421 975 475 LIBRO
1012 422 1268 476 VERITATUM.

289 637 529 701 concluserunt.
552 637 623 699 ‘De
644 636 737 699 vultu
757 646 816 700 tuo
831 637 990 718 judicium
1013 657 1123 700 meum
1144 634 1319 718 prodeat¹,'
1343 637 1450 719 inquit
1472 637 1644 720 propheta,

289 758 345 822 ie.
361 758 404 820 de
420 757 544 838 judicIo
565 765 632 833 tuo,
646 756 805 838 judicium
822 779 932 820 meum
952 767 986 821 et
1005 758 1145 821 assercio
1166 778 1240 820 mea
1261 758 1409 838 prodeat,
1425 767 1461 821 ut
1477 759 1644 823 sentencia

291 888 326 942 et
344 877 509 942 conclusio
532 897 606 941 mea
623 877 749 958 judicio
767 888 800 941 et
821 879 997 941 sentenciae
1020 879 1083 941 Dei
1106 878 1281 941 conformis
1304 877 1355 956 sit,
1371 899 1413 942 ne
1434 899 1559 962 vagans
1581 881 1644 942 sim

291 1019 351 1082 per
376 999 554 1063 varietates
581 999 781 1081 opinionum,
808 1000 885 1080 quia
912 999 967 1061 ubi
995 1008 1045 1062 est
1075 1008 1168 1062 tanta
1194 1001 1336 1064 varietas
1362 1009 1397 1064 et
1423 1001 1645 1078 contrarietas,

291 1119 337 1183 ibi
361 1129 410 1182 est
434 1120 467 1181 in
487 1140 554 1181 una
575 1129 669 1202 parte
696 1118 829 1183 salsitas.
875 1120 972 1182 ‘Non
1000 1118 1067 1197 est,’
1086 1117 1192 1201 inquit
1217 1120 1396 1201 apostolus,
1421 1120 1475 1183 ‘in
1494 1140 1645 1184 sermone

294 1240 387 1313 meo‚'
405 1250 456 1304 est
471 1249 503 1302 et
526 1261 600 1318 non,
619 1241 673 1302 i.e.
688 1241 810 1304 veritas
828 1249 861 1303 et
882 1240 1016 1317 falsitas,
1031 1240 1090 1303 sed
1111 1250 1162 1302 est
1181 1241 1214 1302 in
1234 1240 1291 1303 illo
1309 1250 1368 1316 est,
1385 1241 1439 1303 i.e.
1454 1242 1575 1304 veritas
1587 1230 1645 1305 'est

294 1362 328 1423 in
351 1381 503 1423 sermone
527 1380 610 1437 meo,
631 1360 708 1438 fixa,
727 1369 760 1423 et
783 1381 987 1442 permanens,
1011 1370 1044 1424 et
1066 1369 1190 1442 aperta.
1236 1359 1368 1424 Occidit
1390 1361 1495 1425 eciam
1517 1361 1646 1425 animas

293 1502 368 1563 quae
398 1502 464 1544 non
491 1481 681 1558 moriuntur,
707 1483 763 1563 qui
793 1490 931 1545 conatur
961 1480 1089 1544 trahere
1119 1500 1176 1543 eos
1199 1480 1242 1543 ad
1268 1491 1442 1563 peccatum
1471 1480 1560 1545 malo
1586 1503 1646 1544 suo

294 1601 459 1685 exemplo,
485 1602 537 1665 vel
560 1603 670 1681 verbo,
693 1612 726 1666 et
748 1602 871 1666 faciunt
894 1601 1029 1679 malum,
1052 1610 1089 1664 ut
1111 1600 1182 1665 aliis
1205 1601 1366 1683 placeant,
1390 1602 1474 1665 sicut
1496 1601 1645 1665 Actuum

292 1721 364 1803 xij0,
384 1722 538 1786 Herodes
559 1723 665 1787 sciens
687 1723 777 1805 quod
801 1721 945 1804 placeret
964 1722 1089 1803 Judaeis
1111 1722 1138 1783 si
1158 1721 1292 1785 Petrum
1311 1721 1536 1803 apostolorum
1558 1723 1646 1804 prin-

291 1841 399 1922 cipem
430 1843 604 1920 occideret,
626 1843 730 1907 voluit
759 1842 1006 1925 apprehendere
1033 1841 1068 1906 S.
1092 1842 1237 1919 Petrum,
1262 1853 1300 1906 ut
1330 1863 1406 1904 eum
1437 1842 1644 1906 interficeret.

293 1960 358 2039 Sic,
380 1984 431 2026 vae
455 1963 537 2026 illis!
575 1965 632 2046 qui
661 1963 744 2027 alios
775 1973 908 2027 movent
935 1963 977 2026 ad
1010 1962 1143 2037 malum,
1167 1963 1224 2044 qui
1255 1983 1425 2046 nunquam
1451 1963 1536 2026 sorte
1564 1962 1645 2027 talia

292 2082 382 2145 mala
403 2082 559 2161 iacerent,
581 2085 640 2146 nisi
664 2084 719 2147 alii
742 2084 831 2164 ipsos
861 2084 904 2147 ad
927 2081 1051 2145 malum
1079 2083 1146 2146 tale
1174 2093 1353 2147 moverent.
1398 2083 1498 2148 Tales
1528 2084 1644 2146 dicunt

293 2201 374 2265 illud
397 2205 503 2267 I'saiae
523 2223 573 2288 30,
597 2205 744 2268 ‘Dieatis
768 2204 863 2267 nobis
885 2203 1063 2286 placencia,
1083 2203 1185 2267 nolite
1208 2204 1303 2266 nobis
1325 2204 1437 2267 videre
1460 2225 1535 2286 quae
1558 2213 1646 2267 recta

292 2321 387 2386 sunt.’
434 2324 534 2388 Unde
552 2325 724 2407 apostolus
743 2325 801 2403 ait,
814 2324 868 2387 ‘A
889 2325 1029 2388 veritate
1049 2324 1183 2405 quidem
1204 2324 1354 2388 auditum
1375 2334 1533 2402 avertent,
1549 2335 1582 2388 et
1602 2325 1645 2387 ad

291 2442 420 2507 fabulas
449 2455 688 2524 convertentur,
718 2457 753 2510 et
783 2445 1025 2509 coacervabunt
1051 2445 1111 2507 sibi
1139 2446 1321 2526 magistros,
1345 2448 1364 2509 i.
1381 2466 1408 2508 e.
1434 2445 1645 2518 conciliarios,

291 2567 475 2648 prurientes
504 2564 655 2644 auribus,'
682 2568 701 2630 i.
718 2588 746 2630 e.
773 2576 961 2648 quaerentes
991 2564 1130 2646 placere,
1160 2564 1214 2629 vel
1241 2568 1417 2630 veritatem
1446 2576 1563 2643 tacere,
1593 2567 1646 2630 vel

290 2688 465 2751 veritatem
496 2690 543 2752 eis
572 2687 758 2770 placentem
785 2687 979 2769 improbare,
1010 2696 1044 2750 et
1072 2685 1195 2749 malum
1223 2695 1257 2751 et
1287 2697 1460 2769 peccatum
1486 2709 1646 2753 excusare

292 2818 458 2888 conantes,
475 2820 511 2874 ut
534 2810 658 2873 malum
679 2830 745 2872 non
766 2817 933 2904 appareat,
949 2817 983 2871 et
1003 2809 1049 2870 sic
1071 2808 1218 2890 gaudent
1242 2808 1329 2884 mali,
1351 2810 1429 2891 quia
1451 2811 1647 2874 abscondita

292 2940 370 2993 sunt
392 2930 436 2993 ab
468 2931 571 2994 oculis
595 2931 662 2994 suis
691 2930 869 3013 praescncia
892 2938 926 2992 et
957 2928 1142 3003 iminencia,
1166 2937 1203 2992 ut
1226 2928 1315 2992 Xtus
1345 2930 1432 2994 dixit
1457 2929 1647 2995 hominibus

291 3050 484 3131 jerusalem,
515 3052 617 3116 Lucae
642 3059 697 3132 19⁰
727 3051 883 3135 capitulo,
943 3050 1010 3113 Fac
1041 3071 1129 3132 erg0,
1160 3052 1347 3131 poenitensl
1386 3050 1521 3129 luctum,
1551 3052 1646 3134 quasi

292 3172 460 3254 unigeniti,
485 3173 640 3254 Jeremiae
655 3180 691 3249 4⁰
718 3178 814 3254 cap⁰.,
848 3172 867 3236 i.
884 3193 911 3236 e.
938 3170 1070 3254 qualem
1098 3170 1223 3235 luctum
1250 3171 1328 3234 facit
1355 3182 1462 3236 mater
1484 3193 1545 3253 pro
1574 3173 1647 3235 uni-

291 3293 405 3375 genito
421 3303 561 3369 mortuo,
577 3293 680 3357 talem
695 3293 746 3356 sac
765 3292 899 3370 luctum,
915 3291 993 3373 quia
1011 3292 1121 3355 Deum
1139 3292 1251 3354 vivum
1268 3301 1302 3355 et
1321 3293 1453 3356 unicum
1469 3293 1646 3372 offendisti,

290 3415 370 3495 quia
403 3414 535 3477 debitor
563 3435 598 3478 es
627 3414 702 3478 talis
732 3413 839 3477 luctus
869 3433 981 3476 eoram
1009 3413 1093 3476 Deo.
1149 3413 1244 3491 Item,
1274 3413 1351 3495 quia
1381 3434 1503 3494 pronus
1533 3435 1569 3478 es
1601 3415 1645 3478 ad

291 3535 410 3598 eadem
437 3534 533 3614 mala,
562 3556 638 3617 quae
664 3534 767 3599 iecisti
791 3545 826 3598 et
851 3534 894 3597 ad
918 3533 992 3597 alia.
1038 3534 1134 3611 Item,
1157 3534 1234 3616 quia
1261 3534 1366 3598 nescis
1388 3556 1431 3598 an
1463 3535 1644 3599 secundum

291 3655 498 3719 voluntatem
526 3655 599 3731 Dei,
625 3655 770 3739 plenarie
795 3654 983 3719 satisfecisti
1010 3674 1071 3736 pro
1096 3654 1191 3717 malis
1221 3655 1286 3718 tuis
1309 3655 1500 3732 commissis,
1528 3666 1563 3719 et
1584 3676 1646 3738 pro

290 3777 387 3840 bonis
411 3777 541 3841 actibus
566 3777 706 3853 omissis,
731 3786 765 3840 et
789 3776 894 3839 nescis
918 3797 960 3838 an
990 3775 1088 3858 culpa
1114 3776 1157 3839 sit
1183 3775 1329 3856 plenarie
1355 3775 1500 3839 dimissa.
1547 3776 1644 3852 Item,

289 3897 366 3981 luge
388 3919 448 3980 pro
471 3906 617 3979 peccato,
638 3908 671 3962 et
694 3896 822 3980 operari
845 3897 970 3960 bonum
994 3897 1145 3961 debitum
1169 3917 1235 3960 non
1256 3896 1379 3974 desine,
1395 3898 1451 3980 qui
1474 3897 1579 3961 nescis
1602 3917 1644 3960 an

289 4018 345 4084 alii
370 4039 429 4100 pro
448 4031 483 4084 te
507 4029 541 4085 et
567 4037 626 4097 per
648 4029 820 4101 peccatum
844 4028 939 4081 tuum
958 4019 1005 4081 sic
1030 4019 1150 4082 mortui
1173 4027 1258 4093 sunt,
1283 4018 1340 4100 qui
1368 4018 1541 4101 dampnati
1566 4029 1645 4082 sunt

289 4157 350 4220 pro
373 4143 492 4223 quibus
515 4162 684 4225 nunquam
705 4141 811 4205 facere
833 4149 930 4223 potes
950 4139 1223 4214 satisfaccionem,
1240 4150 1276 4203 ut
1297 4160 1317 4202 a
1338 4160 1438 4221 poena
1456 4139 1644 4216 liberentur,

904 4276 910 4304 ¹
929 4277 960 4324 Ps
980 4276 1029 4327 xvi.
