3818 4904
682 433 780 486 LOCI
807 434 837 487 E
866 434 991 489 LIBRO
1027 435 1300 490 VERITATUM·
1606 450 1661 492 111

309 648 502 710 scandalum
529 644 640 722 venit,’
671 648 729 710 i.e.
754 669 804 710 vae
835 647 899 710 illi!
931 669 990 731 per
1020 649 1112 731 cujus
1141 652 1279 714 verbum
1308 651 1431 714 malum
1456 652 1508 715 vel
1538 652 1662 717 iactum

310 768 435 830 malum
465 769 591 851 praebet
621 768 715 831 alteri
750 770 959 832 occasionem
989 771 1090 833 ruinae
1128 771 1161 833 in
1193 782 1376 853 peccatum,
1407 783 1440 836 et
1475 773 1508 835 in
1539 773 1662 835 malum

309 889 415 971 culpae
446 898 479 951 et
510 909 628 971 poenae.
675 889 775 953 Unde
809 889 928 953 beatus
965 892 1083 954 doctor
1111 890 1299 972 jeronimus
1334 913 1432 974 super
1463 893 1662 968 Mattheum,

309 1008 393 1071 libro
415 1009 452 1091 ij⁰
470 1030 604 1072 suorum
622 1008 953 1088 Commentariorum,
969 1011 1033 1074 isto
1053 1012 1154 1074 modo
1170 1021 1320 1087 testatur,
1337 1013 1458 1090 dicens,
1474 1012 1555 1076 ‘Ille
1569 1033 1663 1077 scan-

309 1129 433 1193 dalizat
451 1128 629 1203 hominem,
651 1130 708 1211 qui
730 1129 819 1192 dicto
840 1129 928 1192 malo
948 1130 1001 1194 vel
1022 1131 1110 1195 lacto
1130 1133 1338 1196 occasionem
1358 1134 1459 1196 ruinae
1483 1133 1664 1216 cuicunque

308 1251 376 1325 dat,
400 1251 456 1331 qui
482 1251 570 1313 enim
594 1250 720 1312 bonum
744 1249 857 1313 lecerit
880 1251 932 1313 vel
955 1262 1043 1315 recte
1064 1253 1194 1327 dixerit,
1211 1254 1237 1315 si
1262 1253 1381 1335 aliquis
1401 1254 1463 1318 hoc
1481 1255 1596 1318 videns
1620 1276 1663 1318 ex

309 1390 462 1452 perverso
489 1370 656 1433 intellectu
685 1391 742 1433 seu
773 1371 893 1434 affectu
922 1372 1020 1446 malo,
1048 1372 1172 1435 malum
1200 1393 1243 1435 ex
1272 1375 1443 1438 occasione
1474 1374 1559 1437 illius
1584 1377 1663 1439 boni

309 1499 404 1553 actus
426 1491 547 1567 fecerit,
570 1500 649 1554 tunc
676 1492 783 1573 ipsum
808 1510 873 1554 non
899 1491 1101 1554 scandalizat
1124 1495 1239 1569 active,
1262 1495 1320 1556 sed
1345 1494 1428 1556 alius
1452 1494 1515 1558 hoc
1538 1496 1663 1558 bonum

309 1612 442 1692 capiens
468 1611 711 1674 scandalizatur
736 1611 885 1692 passive,'
909 1622 946 1674 ut
975 1622 1116 1675 testatur
1140 1612 1283 1677 Sanctus
1311 1614 1496 1677 Bernardus
1524 1617 1556 1678 in
1581 1616 1662 1698 Epi-

308 1731 394 1793 stola
417 1752 477 1793 sua
495 1732 538 1794 ad
563 1731 717 1794 abbatem
742 1730 857 1795 Sancti
878 1731 1019 1794 Dionisii
1044 1733 1078 1795 in
1102 1732 1259 1809 Francia,
1286 1734 1371 1798 sicut
1390 1735 1545 1798 Pharisaei
1569 1757 1663 1799 scan-

308 1850 444 1914 dalizati
474 1861 560 1926 sunt,
591 1852 612 1913 i.
630 1872 657 1914 e.
685 1852 766 1914 moti
798 1861 874 1914 sunt
901 1853 944 1915 ad
975 1852 1109 1929 malum,
1135 1853 1249 1916 audito
1279 1855 1380 1917 verbo
1407 1855 1476 1929 Xti,
1511 1866 1544 1919 et
1574 1857 1663 1920 Xtus

308 1970 395 2036 dixit
415 1970 584 2053 discipulis
605 1972 680 2046 suis,
699 1970 823 2034 ‘Sinite
844 1968 920 2050 eos,'
943 1992 987 2034 sc.
1003 1972 1216 2035 scandalizari
1240 1994 1284 2036 ex
1306 1974 1395 2037 bono
1418 1985 1494 2039 actu
1518 1977 1592 2052 mei,
1611 1977 1662 2040 vel

307 2091 456 2170 aliorum,
480 2093 557 2174 quia
580 2093 694 2174 pocius
719 2093 866 2174 permitti
892 2093 993 2156 debet
1016 2094 1209 2156 scandalum
1237 2095 1320 2173 oriri,
1345 2115 1445 2175 quam
1473 2098 1663 2177 permittere

307 2222 345 2276 ut
366 2214 487 2277 veritas
510 2212 721 2295 relinquatur,
746 2224 783 2276 ut
806 2222 947 2276 testatur
970 2211 1113 2276 Sanctus
1136 2213 1313 2296 Gregorius
1341 2235 1427 2296 papa
1454 2237 1552 2298 super
1577 2217 1663 2281 Eze-

308 2332 460 2396 chielem.
506 2334 606 2398 Unde
636 2333 683 2397 sic
712 2334 805 2416 argui
839 2343 950 2416 potest
987 2344 1101 2398 contra
1136 2335 1413 2416 approprietarios
1443 2337 1662 2413 ecclesiarum,

308 2453 416 2518 lacere
446 2474 512 2516 non
543 2454 693 2517 debitum
725 2463 758 2517 et
789 2454 942 2518 omittere
970 2464 1082 2518 actum
1106 2455 1230 2518 bonum
1261 2454 1422 2533 debitum,
1445 2466 1494 2519 est
1525 2457 1663 2521 mortale

308 2584 492 2657 peccatum,
517 2584 554 2637 ut
581 2584 674 2656 patet
701 2575 734 2636 in
760 2574 945 2655 Evangelio
975 2574 1117 2639 Matthei
1149 2577 1191 2638 de
1218 2596 1313 2638 servo
1339 2596 1483 2656 nequam
1511 2578 1566 2658 qui
1597 2597 1663 2639 non

307 2696 402 2760 dedit
424 2698 597 2779 pecuniam
618 2699 660 2760 ad
687 2716 844 2774 mensam,
867 2706 900 2760 et
926 2696 1068 2760 Matthei
1087 2704 1150 2778 25⁰,
1173 2699 1250 2779 quia
1277 2717 1343 2759 non
1367 2696 1514 2761 iecerunt
1537 2699 1662 2761 bonum

308 2817 384 2880 ideo
409 2818 581 2900 dampnati
604 2828 689 2895 sunt,
714 2818 772 2880 sed
798 2838 857 2900 per
880 2818 982 2881 talem
1006 2819 1310 2900 appropriacionem
1336 2818 1545 2881 ecclesiarum
1569 2818 1664 2900 plura

308 2938 404 3016 bona,
429 2939 542 3002 debita
573 2940 641 3003 fieri
674 2941 706 3001 in
737 2948 864 3003 rectore
894 2950 927 3003 et
957 2939 989 3002 in
1017 2939 1232 3022 parochianis,
1256 2939 1463 3012 omittuntur,
1489 2949 1522 3002 et
1552 2940 1663 3021 plures

307 3060 428 3123 animae
456 3081 500 3123 ex
530 3061 587 3124 tali
612 3060 791 3124 omissione
816 3061 1047 3142 dampnantur,
1075 3081 1153 3142 ergo
1177 3059 1404 3141 appropriacio
1433 3058 1509 3121 talis
1540 3070 1590 3123 est
1616 3061 1664 3123 vi-

308 3181 420 3259 tanda,
435 3191 473 3245 ut
494 3182 725 3262 dampnabilis,
743 3202 787 3244 ex
809 3202 874 3263 qua
895 3180 974 3244 talia
998 3190 1162 3244 secuntur.
1209 3181 1305 3255 Item,
1323 3201 1366 3242 ex
1390 3179 1511 3242 talibus
1534 3181 1670 3243 omissis

308 3301 405 3364 bonis
429 3302 550 3384 pluries
577 3303 740 3384 contingit
764 3302 870 3365 multo
893 3302 1003 3384 plures
1025 3302 1058 3364 in
1081 3300 1244 3383 parochiis
1266 3301 1439 3382 dampnari
1463 3321 1563 3382 quam
1586 3312 1663 3364 sunt

309 3422 342 3484 in
374 3424 582 3487 monasteriis
612 3424 726 3488 nutriti
756 3445 815 3508 per
849 3424 933 3487 tales
963 3423 1261 3505 appropriaciones.
1305 3421 1443 3485 Talibus
1472 3423 1662 3504 appropria·
1731 3407 1736 3415 ¹

308 3544 457 3608 cionibus
483 3566 573 3628 saepe
599 3547 687 3609 bona
714 3545 897 3626 spiritualia
922 3546 953 3606 in
982 3544 1045 3606 illis
1076 3565 1141 3606 non
1167 3553 1433 3624 augmentantur,
1460 3543 1518 3605 sed
1549 3542 1662 3624 pocius

309 3676 504 3730 ornamenta
533 3666 706 3748 superflua,
729 3666 781 3728 vel
812 3686 877 3728 non
910 3665 1100 3743 necessaria,
1124 3664 1177 3727 vel
1210 3663 1332 3728 fercula
1361 3662 1485 3744 gulosa,
1513 3673 1546 3725 et
1576 3663 1662 3724 inso-

308 3787 423 3851 lenciae
450 3788 589 3865 viciosae,
613 3798 647 3851 et
679 3787 853 3850 destructis
882 3785 1207 3869 appropriacionibus
1230 3804 1328 3848 causa
1355 3782 1471 3847 talium
1500 3782 1661 3845 malorum

309 3908 342 3970 in
366 3909 513 3990 pluribus
543 3907 622 3972 locis
653 3918 738 3971 esset
770 3908 946 3971 destructa.
993 3907 1090 3983 Item,
1117 3905 1200 3968 tales
1227 3904 1346 3986 quibus
1372 3903 1409 3966 fit
1435 3902 1662 3985 appropriacio

308 4029 520 4092 ecclesiarum
544 4040 639 4093 orant
657 4049 718 4111 pro
733 4028 801 4091 illis
821 4048 961 4110 quorum
980 4027 1118 4090 decimae
1139 4036 1172 4089 et
1193 4025 1381 4088 oblaciones
1401 4023 1663 4106 appropriantur,

308 4152 367 4214 sed
398 4150 504 4232 qualis
535 4149 669 4227 utilitas,
700 4171 775 4213 cum
806 4151 868 4232 ipsi
897 4150 1013 4231 viginti
1044 4148 1095 4211 vel
1126 4149 1259 4230 triginta
1293 4144 1433 4226 religiosi
1464 4143 1515 4208 vel
1550 4144 1663 4209 cathe-

307 4270 417 4335 drales
447 4281 551 4348 orant,
575 4281 608 4333 et
638 4272 771 4335 ducenti
798 4270 850 4334 vel
876 4270 1029 4333 trescenti
1061 4267 1248 4351 parochiani
1280 4267 1424 4348 ipsorum
1448 4265 1545 4330 valde
1576 4265 1663 4329 male
