3818 4904
678 448 778 503 LOCI
803 447 833 501 E
861 447 987 502 LIBRO
1023 448 1279 506 VERITATUM.
1619 459 1657 527 13

303 663 427 727 domiui
458 664 550 745 1455,
581 663 660 747 ipsis
689 664 849 747 promotis
880 663 913 725 in
943 663 1081 728 ecclesia
1111 664 1327 727 retinentibus
1357 665 1468 728 omnia
1498 665 1658 730 beneficia

302 784 412 867 priora
448 804 508 866 per
541 783 711 848 licenciam
745 805 849 866 papae,
885 791 919 846 et
952 785 1056 847 eciam
1091 784 1322 867 recipientibus
1357 805 1472 848 omnes
1503 787 1659 868 pecunias

304 905 507 987 episcopatui
538 913 628 968 certo
657 904 898 986 pertinentibus
921 900 1003 989 (sic),
1025 925 1091 967 non
1114 903 1268 969 obstante
1290 905 1380 987 quod
1407 927 1495 989 papa
1522 907 1659 970 mandat

303 1025 350 1088 eis
371 1045 429 1107 per
445 1033 497 1087 tot
518 1044 622 1088 annos
643 1024 676 1086 in
698 1024 888 1108 episcopum
910 1044 976 1086 non
1000 1026 1179 1089 consecrari
1201 1035 1336 1108 propter
1350 1026 1518 1090 delectum
1539 1027 1658 1090 aetatis.

304 1145 344 1207 In
367 1144 461 1207 annis
484 1143 631 1227 pluribus
654 1145 742 1207 enim
765 1144 903 1221 videtur,
918 1145 1009 1225 quod
1032 1145 1115 1209 sicut
1137 1167 1225 1228 papa
1249 1166 1314 1209 non
1337 1146 1520 1210 licenciavit
1543 1166 1599 1209 eos
1622 1156 1659 1210 ut

303 1285 364 1347 per
380 1265 526 1328 diversos
541 1284 646 1327 annos
662 1284 728 1327 non
750 1275 1018 1327 consecrarentur
1034 1265 1066 1326 ln
1083 1268 1283 1349 episcopum,
1303 1265 1350 1329 sic
1369 1287 1436 1330 non
1455 1265 1660 1331 licenciasset

303 1405 361 1448 eos
390 1384 433 1448 ad
465 1384 687 1466 recipiendum
719 1384 875 1466 pecunias
904 1383 991 1446 illius
1021 1385 1230 1468 episcopatus
1261 1407 1320 1450 nec
1352 1386 1394 1450 ad
1424 1386 1657 1451 conferendum

303 1504 464 1569 beneficia
487 1503 699 1568 collocacioni
722 1503 868 1584 episcopi
891 1503 954 1567 loci
977 1503 1064 1568 illius
1087 1504 1317 1587 pertinencia¹.

389 1633 423 1700 [p.
450 1633 517 1698 291]
553 1630 717 1686 Ecclesia.
755 1623 866 1686 Roma
892 1625 980 1686 enim
1007 1625 1179 1706 singularis
1204 1637 1238 1690 et
1261 1626 1448 1709 principalis
1474 1625 1561 1689 ferus
1586 1647 1659 1688 vas·

303 1744 388 1809 tavit
416 1744 546 1807 vineam
584 1744 739 1821 ecclesiae,
770 1742 951 1807 elecciones
984 1744 1213 1827 episcoporum
1247 1747 1308 1809 sibi
1343 1747 1422 1827 ipsis
1453 1747 1659 1822 reservand0,

303 1875 340 1928 ut
365 1864 446 1929 nulli
473 1863 643 1929 conferant
669 1863 842 1927 ecclesiam
869 1863 1091 1946 episcopalem
1118 1865 1213 1929 alicui
1241 1866 1301 1928 nisi
1328 1867 1418 1948 prius
1444 1866 1573 1929 solvant
1600 1886 1659 1929 an·

303 1996 382 2050 nata
405 2006 461 2048 seu
485 1985 609 2066 primos
633 1984 779 2048 ecclesiae
802 1985 951 2047 vacantis
973 1984 1097 2048 fructus
1121 1995 1154 2049 et
1178 1986 1336 2049 redditus.
1382 1987 1468 2050 Item
1492 1987 1660 2049 destruxit

302 2105 434 2168 vineam
461 2105 607 2168 ecclesiae
634 2105 708 2182 Dei,
733 2105 766 2167 in
793 2103 948 2184 pluribus,
976 2105 1157 2169 elecciones
1187 2108 1337 2169 omnium
1365 2106 1595 2189 episcoporum
1626 2107 1659 2169 in

299 2224 430 2307 Anglia
445 2225 617 2288 cassando,
664 2224 751 2287 Item
767 2224 907 2287 destruit
924 2224 1095 2289 ecclesiam
1112 2226 1218 2290 malos
1233 2229 1460 2308 promovendo
1475 2227 1657 2291 secundum

301 2345 393 2429 quod
417 2365 477 2409 rex
500 2353 534 2408 et
556 2346 626 2427 ipse
645 2345 865 2408 consentiunt.
911 2346 998 2409 Item
1020 2347 1131 2410 Roma
1151 2357 1188 2410 ut
1207 2347 1294 2410 ierus
1309 2347 1450 2410 vastavit
1471 2347 1502 2409 in
1523 2345 1587 2409 hoc
1606 2367 1660 2410 ec·

301 2466 418 2530 clesias
444 2467 534 2548 quod
561 2485 676 2528 omnes
705 2466 885 2529 elecciones
916 2467 1146 2549 episcoporum
1177 2468 1209 2530 in
1241 2466 1385 2531 ecclesiis
1411 2466 1659 2530 cathedralibus

302 2586 408 2650 lactas
441 2587 591 2662 cassavit,
627 2586 806 2649 statuendo
841 2587 931 2668 quod
962 2587 1074 2650 omnia
1109 2587 1289 2651 elecciones
1323 2588 1551 2669 episcoporum
1586 2606 1659 2668 per-

302 2707 432 2771 tineant
455 2727 594 2770 camerae
617 2707 817 2789 apostolicae,
841 2707 861 2769 i.
872 2727 900 2770 e.
923 2706 1078 2771 eleccioni
1101 2728 1197 2790 papae
1220 2717 1254 2771 et
1277 2728 1409 2770 suorum
1433 2705 1658 2771 cardinalium·

304 2827 392 2892 Item
419 2829 509 2910 quod
537 2828 648 2891 Roma
679 2847 744 2889 non
772 2836 870 2890 vocat
895 2827 1039 2910 aliquem
1067 2828 1258 2910 episcopum
1285 2827 1347 2890 nisi
1376 2848 1476 2909 quem
1507 2847 1596 2909 papa
1626 2836 1661 2890 et

302 2946 485 3013 cardinales
523 2947 648 3029 eligunt
687 2947 719 3009 ln
758 2948 951 3030 episcopum
984 2948 1036 3011 vel
1075 2948 1107 3011 in
1145 2948 1429 3031 archiepiscopum
1467 2945 1660 3030 praehabitis

303 3081 337 3133 et
362 3068 480 3132 solutis
505 3069 624 3131 Romae
648 3068 737 3149 prius
761 3067 920 3132 fructibus
944 3068 1087 3131 millibus
1111 3068 1327 3142 marcharum,
1352 3079 1385 3132 et
1411 3068 1515 3131 eciam
1543 3067 1661 3131 solutis

301 3189 425 3272 primis,
448 3189 505 3253 ie.
530 3188 626 3251 donis
649 3190 691 3253 ad
715 3199 905 3253 curtesanos
928 3189 1098 3253 Romanos
1120 3210 1177 3252 seu
1201 3188 1345 3272 papales.

391 3318 424 3384 [p.
442 3316 511 3383 31¹]
548 3315 747 3384 Episcopus.
786 3309 914 3372 Notum
937 3318 988 3373 est
1006 3309 1077 3390 jam
1101 3309 1133 3371 in
1157 3329 1257 3391 regno
1283 3308 1417 3390 Angliae
1441 3309 1531 3390 quod
1559 3307 1660 3389 pueri,

300 3429 447 3511 juvenes,
470 3437 504 3493 ct
527 3429 560 3492 in
586 3430 683 3492 curiis
709 3430 950 3494 mundanorum
975 3440 1145 3494 manentes
1168 3439 1336 3513 ponuntur
1357 3429 1426 3510 jam
1453 3429 1485 3490 in
1513 3427 1659 3492 ecclesiis

303 3549 394 3614 etin
422 3549 551 3632 magnis
575 3549 690 3613 officiis
717 3557 750 3613 et
777 3549 945 3633 praelaciis,
966 3551 1160 3634 postpositis
1182 3550 1254 3613 aliis
1277 3550 1332 3631 qui
1357 3550 1413 3612 diu
1437 3548 1470 3611 in
1494 3547 1604 3611 studio
1626 3554 1660 3610 et

304 3671 336 3733 in
364 3670 599 3753 praedicatione
629 3681 662 3733 et
694 3670 727 3732 in
751 3671 910 3753 regimine
935 3670 1059 3754 populi,
1082 3672 1152 3735 sinc
1183 3670 1274 3734 lucro
1301 3670 1480 3742 mundano
1504 3666 1658 3748 occupati

303 3790 446 3854 fuerunt.
491 3791 579 3854 Novi
596 3791 683 3854 enim
705 3811 806 3854 unum
824 3791 1064 3856 Cancellarium
1081 3790 1316 3855 UnIversitatis
1331 3789 1430 3852 studii
1448 3785 1658 3864 Oxoniensis‚

303 3912 359 3994 qui
382 3911 514 3994 publica
536 3910 625 3975 fama
646 3912 754 3974 bonus
781 3923 889 3976 rector
912 3913 1145 3977 Universitatis
1169 3921 1202 3975 et
1227 3909 1449 3974 Cancellarius
1470 3907 1659 3985 vocabatur,

304 4043 338 4097 et
357 4031 410 4094 bis
424 4031 485 4096 fuit
507 4032 631 4095 ibidem
653 4030 777 4096 electus
797 4033 829 4095 in
852 4031 932 4095 illud
949 4033 1103 4108 officium,
1120 4042 1153 4096 et
1170 4031 1345 4113 resignavit
1361 4030 1497 4092 tandem
1514 4027 1658 4091 officium

303 4162 419 4217 contra
440 4152 646 4217 voluntatem
670 4152 755 4217 villae
783 4162 817 4216 et
840 4153 1082 4231 Universitatis,
1106 4162 1139 4217 et
1162 4173 1221 4236 per
1243 4153 1289 4215 xii
1317 4171 1422 4215 annos
1451 4157 1551 4213 antea
1573 4147 1660 4211 rexit

781 4289 789 4318 ¹
807 4289 934 4353 Repeated
946 4290 1077 4347 verbatim,
1090 4305 1114 4353 p.
1129 4300 1182 4352 259.
