3818 4904
691 432 790 487 LOCI
815 434 845 486 E
873 434 998 489 LIBRO
1033 437 1293 496 VERITATUM.
1630 456 1669 524 15

313 661 347 714 et
368 659 481 713 tamen
501 670 561 731 per
582 649 692 733 plures
714 669 819 714 annos
839 670 1008 733 nunquam
1027 654 1142 719 vident
1165 655 1212 719 illi
1232 660 1335 722 curati
1354 681 1447 723 suam
1468 663 1667 744 parochiam,

312 775 360 836 ita
383 774 473 855 quod
500 770 687 854 parochiani
716 780 854 853 pereunt
877 772 911 834 in
942 774 1086 854 peccatis
1116 787 1149 839 et
1180 777 1339 856 miseriis;
1371 791 1405 844 et
1431 781 1501 862 jam
1531 794 1608 848 sunt
1631 785 1662 867 vj

312 894 458 976 episcopi
485 893 518 955 in
552 911 618 955 uno
648 911 750 974 regno
778 902 950 956 manentes
981 893 1013 956 in
1046 895 1160 960 officiis
1187 899 1426 980 temporalibus
1455 903 1550 965 unius
1582 906 1666 986 regis

311 1024 408 1080 extra
430 1033 507 1077 suas
529 1013 685 1085 dioceses,
705 1012 738 1074 in
761 1020 891 1075 tantum
914 1015 1005 1094 quod
1028 1036 1113 1078 unus
1136 1037 1249 1080 eorum
1273 1039 1442 1101 nunquam
1465 1043 1524 1104 per
1546 1043 1664 1087 novem

310 1156 415 1200 annos
437 1154 607 1216 nunquam
631 1128 704 1216 (sic)
727 1130 906 1196 celebravit
933 1133 965 1195 in
989 1155 1049 1198 sua
1071 1136 1209 1201 ecclesia
1231 1137 1421 1222 cathedrali,
1445 1154 1587 1226 excepta
1611 1145 1665 1209 die

310 1256 546 1322 installacionis
570 1274 646 1330 suae,
671 1252 728 1314 sed
754 1272 885 1334 semper
908 1255 1030 1319 mansit
1057 1256 1090 1318 in
1117 1258 1206 1322 curia
1237 1261 1410 1343 temporali
1441 1263 1502 1325 nisi
1530 1265 1664 1345 quando

308 1398 402 1441 suam
432 1374 590 1439 diocesim
620 1371 765 1435 visitabit
795 1371 981 1455 colligendo
1011 1378 1166 1458 pecunias
1193 1390 1227 1444 et
1254 1380 1287 1443 in
1315 1381 1368 1444 die
1395 1381 1584 1464 pleniluniae
1615 1405 1664 1447 re-

308 1518 421 1564 versus
444 1505 496 1560 est
518 1495 552 1557 in
575 1494 700 1558 curiam
723 1493 952 1574 temporalem.

395 1627 429 1694 [p.
447 1625 518 1692 ³¹7]
553 1615 739 1697 Episcopus
759 1612 967 1693 Assavensis,
986 1614 1145 1682 Wallicus
1160 1619 1293 1701 origine,
1309 1621 1442 1685 nomine
1458 1622 1663 1704 Reginaldus

308 1739 428 1814 Pecok,
444 1758 532 1801 anno
554 1736 729 1800 dominicae
754 1735 990 1798 incarnacionis
1021 1753 1111 1818 1449,
1136 1748 1169 1801 et
1195 1751 1294 1803 antea
1317 1741 1500 1805 Londoniis
1523 1745 1662 1809 asseruit

305 1860 446 1944 publice,
477 1858 567 1941 quod
606 1855 751 1937 episcopi
781 1855 896 1937 quales
927 1875 1013 1919 nunc
1048 1868 1125 1921 sunt
1160 1859 1193 1921 in
1230 1859 1368 1923 ecclesia
1406 1882 1471 1924 non
1508 1873 1662 1928 tenentur

304 1981 483 2066 praedicare
514 1976 638 2061 populo
669 1997 738 2038 suae
767 1976 907 2039 diocesis
936 1996 996 2039 nec
1026 1975 1168 2056 alterius,
1198 1988 1231 2042 et
1262 2001 1306 2043 ex
1337 1981 1400 2045 isto
1433 1982 1523 2046 dicto
1553 1993 1585 2046 et
1617 2005 1660 2046 ex

303 2103 368 2166 hoc
398 2101 489 2183 quod
519 2117 586 2161 non
615 2096 779 2179 ponderat
810 2096 852 2159 de
882 2094 980 2159 dictis
1009 2108 1199 2162 sanctorum
1230 2101 1403 2164 doctomm
1431 2104 1489 2166 sed
1520 2104 1564 2166 de
1594 2104 1660 2167 suis

302 2223 443 2307 propriis
476 2219 588 2302 glosis,
619 2217 769 2281 maxima
802 2215 1011 2298 perturbacio
1047 2227 1081 2281 et
1116 2219 1244 2282 occasio
1283 2220 1458 2304 multiplex
1498 2223 1658 2287 malorum

303 2346 337 2408 in
360 2341 486 2424 Anglia
508 2350 542 2403 et
565 2338 644 2403 alibi
668 2347 740 2401 orta
762 2336 902 2414 fuerunt,
924 2336 1061 2399 diversis
1084 2338 1273 2402 doctoribus
1298 2339 1441 2404 Oxoniae
1469 2351 1503 2405 et
1535 2343 1659 2407 Canta·

301 2464 416 2547 brigiae
448 2460 579 2545 puplice
609 2479 720 2523 coram
751 2457 914 2540 episcopis
940 2466 1055 2520 contra
1082 2459 1224 2522 eundem
1254 2460 1446 2543 episcopum
1474 2463 1658 2526 Londoniis

301 2596 335 2650 et
360 2584 395 2648 in
422 2579 688 2646 universitatibus
715 2588 828 2642 contra
856 2597 932 2640 eum
963 2577 1157 2659 legentibus,
1184 2580 1488 2653 determinantibus,
1514 2591 1549 2646 et
1573 2604 1657 2665 prae-

299 2705 509 2781 dicantibus;
533 2711 568 2766 ct
588 2699 732 2783 episcopi
757 2699 786 2762 ei
805 2698 969 2762 favebant.
1016 2697 1062 2762 Et
1081 2698 1171 2763 idem
1192 2700 1365 2783 episcopus
1387 2703 1474 2766 dixit
1498 2704 1656 2784 magistro

299 2828 441 2892 Thomae
474 2823 649 2905 Chapman
680 2821 770 2902 quod
802 2841 845 2883 ex
876 2819 1032 2901 opinione
1058 2840 1117 2883 sua
1144 2820 1322 2904 episcopali
1347 2832 1539 2904 sequeretur
1565 2826 1655 2906 quod

299 2949 408 3013 nullus
440 2946 597 3026 deinceps
627 2942 816 3025 loqueretur
847 2939 971 3003 malum
999 2941 1041 3003 de
1072 2940 1234 3023 episcopis
1265 2962 1325 3005 nec
1360 2944 1401 3006 de
1431 2943 1478 3006 eis
1509 2964 1655 3007 murmu-

298 3071 393 3149 rabit,
426 3067 517 3151 quod
551 3085 611 3148 per
639 3065 749 3146 ipsum
785 3062 977 3143 episcopum
1013 3061 1167 3122 omnibus
1203 3070 1318 3124 notum
1354 3063 1415 3125 erit
1450 3063 1482 3126 in
1515 3064 1653 3147 scriptis,

298 3192 387 3275 quod
412 3187 558 3272 episcopi
582 3206 646 3249 non
670 3192 825 3248 tenentur
848 3181 1026 3263 praedicare
1054 3200 1113 3243 nec
1139 3180 1204 3243 alia
1231 3202 1331 3262 opera
1357 3202 1443 3245 curae
1470 3184 1652 3247 animamm

295 3312 411 3388 facere,
437 3311 522 3373 sicut
552 3306 658 3371 clerus
688 3316 723 3368 et
748 3303 866 3384 vulgus
897 3282 1082 3383 opinantur,
1110 3302 1168 3365 sed
1199 3311 1352 3365 tenentur
1382 3306 1651 3386 superintendere

295 3444 329 3498 et
361 3429 587 3515 questionibus
617 3427 801 3508 aliquorum
833 3421 1041 3504 respondere.
1098 3420 1141 3484 Et
1168 3431 1249 3499 tum,
1277 3423 1367 3487 dicto
1399 3445 1460 3487 suo
1493 3446 1560 3488 non
1591 3427 1650 3488 ob-

294 3564 413 3626 stante,
438 3551 532 3635 quasi
555 3569 671 3614 omnes
693 3546 847 3622 clamant,
872 3543 960 3620 ‘Vae‚
976 3563 1035 3616 vae,
1060 3538 1255 3624 episcopisl’
1301 3543 1412 3627 Quare
1436 3546 1569 3627 primus,
1593 3566 1651 3627 per

294 3697 408 3740 eorum
428 3673 604 3747 defectum,
624 3670 696 3732 haec
719 3665 826 3730 scribo
852 3665 885 3727 in
908 3664 1046 3728 veritate
1068 3683 1156 3727 anno
1173 3665 1308 3728 Domini
1337 3672 1408 3727 m¹¹¹⁰
1423 3673 1534 3730 ccccm⁰
1550 3666 1648 3740 xlix0,

292 3806 330 3861 ut
353 3816 414 3880 pro
436 3791 651 3876 perversitate
677 3786 919 3871 presidencium
948 3793 980 3847 ct
1004 3784 1263 3847 consiliariorum
1287 3787 1519 3848 modernorum
1543 3788 1648 3850 sciant

292 3915 414 4000 posteri
439 3912 584 3998 poenalia
607 3909 702 3975 nobis
725 3907 826 3970 luisse
845 3904 936 3986 juste
958 3903 1060 3968 illata.

379 4045 413 4113 [p.
434 4043 504 4110 318]
537 4032 640 4096 Anno
674 4029 762 4093 enim
793 4026 918 4091 domini
950 4032 1022 4087 mmo
1051 4031 1163 4089 ccccmo
1189 4024 1251 4106 liij0
1277 4025 1390 4089 civitas
1417 4036 1494 4090 tunc
1522 4026 1647 4090 Xtiana

291 4153 599 4237 Constantinopolis
634 4159 733 4232 capta
763 4148 825 4210 fuit
859 4167 916 4228 per
953 4166 1101 4228 paganos
1132 4145 1267 4221 TurcoS,
1299 4155 1332 4208 ct
1366 4145 1450 4209 ultra
1485 4148 1647 4231 quinqua-

290 4278 384 4361 ginta
417 4275 507 4340 milia
541 4273 739 4336 Xtianorum
769 4268 878 4332 occisa
917 4276 995 4330 tunc
1033 4265 1077 4328 ibi
1109 4265 1239 4329 suemnt
1278 4287 1336 4348 per
1371 4267 1464 4330 illum
1500 4268 1645 4333 Turcum
