3818 4904
300 382 363 429 210
679 378 778 432 Locl
804 378 833 432 E
861 378 986 433 LIBRO
1021 379 1279 437 VERITAYUM.

301 592 391 674 quod
412 592 500 655 dicta
520 592 609 656 beati
627 591 784 674 Gregorii,
803 592 933 657 Omelia
952 593 1001 669 26,
1018 615 1082 657 non
1102 604 1192 657 stant
1211 594 1318 656 simul.
1354 593 1503 676 Oquam
1518 595 1655 678 vilipen·

300 711 401 776 dendi
428 722 506 775 sunt
529 710 615 775 illius
643 713 752 776 Pecoh
780 732 957 790 sermones,
982 715 1037 796 qui
1065 715 1112 777 ita
1138 714 1311 796 vilipendit
1342 735 1435 778 sacra
1465 715 1657 779 testimonia

298 831 415 897 Sancti
442 854 539 916 papae
563 833 730 916 Gregorii!
777 834 892 898 Sancti
919 835 1038 898 viriet
1068 836 1190 918 egregii
1221 835 1375 900 doctores
1405 836 1656 901 declaraverunt

299 952 505 1018 intellectum
532 975 648 1018 sanum
678 966 711 1018 et
742 956 906 1018 intentum
933 955 1072 1019 aliorum
1099 957 1273 1020 doctorum
1300 958 1334 1019 in
1360 958 1427 1020 suis
1456 959 1595 1040 scriptis,
1619 966 1656 1021 ut

300 1073 447 1138 declarat
477 1096 548 1138 esse
577 1096 690 1137 verum
720 1074 783 1138 hoc
817 1077 943 1139 dictum
972 1075 1087 1140 Sancti
1119 1075 1277 1159 Gregorii,
1309 1077 1428 1140 ‘Fides
1458 1098 1525 1141 non
1555 1079 1656 1141 habet

301 1195 456 1257 meritum
483 1196 534 1259 cui
558 1194 703 1258 humana
729 1196 816 1258 racio
840 1197 967 1278 prabet
995 1196 1285 1277 experimentum‘
1330 1196 1474 1261 Sanctus
1496 1197 1655 1269 Thomas,

300 1323 335 1378 2⁸
351 1322 403 1392 2⁸⁰,
425 1325 459 1379 et
485 1316 602 1380 doctor
628 1317 782 1394 solennis,
811 1318 968 1400 magister
993 1318 1160 1381 Henricus
1184 1319 1227 1381 de
1255 1316 1426 1394 Gandavo‚
1456 1319 1489 1380 in
1516 1317 1656 1382 Summa

298 1456 366 1509 sua,
391 1435 537 1501 declarat
557 1437 629 1500 haec
651 1438 751 1501 verba
774 1437 889 1500 Sancti
914 1436 1072 1519 Gregorii,
1095 1438 1128 1500 in
1152 1437 1284 1502 Omelia
1306 1459 1365 1501 sua
1391 1436 1441 1517 26,
1465 1459 1538 1502 esse
1559 1438 1655 1503 valde

299 1577 384 1635 vera,
414 1568 447 1622 et
471 1558 543 1622 haec
574 1569 624 1623 est
646 1580 730 1642 opus
761 1560 939 1632 doctorale,
969 1579 1014 1623 sc.
1040 1559 1146 1640 magis
1169 1559 1295 1641 aperire
1318 1579 1450 1622 sensum
1475 1579 1533 1622 seu
1559 1558 1656 1622 intel-

298 1678 421 1743 lectum
448 1691 482 1744 et
509 1680 673 1744 intentum
695 1681 870 1744 verborum
896 1691 1086 1744 sanctorum
1113 1681 1299 1755 doctorum,
1325 1700 1424 1761 quam
1448 1700 1487 1743 ea
1509 1679 1655 1743 frontose

299 1819 427 1882 negare,
449 1802 503 1865 vel
526 1823 565 1865 ea
588 1802 672 1865 falsa
695 1823 767 1866 esse
793 1822 947 1878 asserere,
971 1821 1112 1885 quorum
1135 1810 1250 1865 sancta
1273 1803 1341 1864 vita
1366 1810 1400 1865 et
1422 1801 1572 1864 doctrina
1597 1821 1655 1883 per

298 1920 495 1985 catholicam
526 1923 698 1987 ecclesiam
731 1933 807 1986 sunt
843 1923 1036 2005 approbata,
1063 1921 1158 1999 lecta,
1188 1931 1223 1984 et
1251 1922 1439 2003 praedicata,
1470 1930 1503 1984 et
1534 1940 1656 2004 magna

299 2043 485 2106 reverencia
511 2043 620 2127 digna.
668 2045 762 2117 ltem,
786 2044 965 2126 praedictus
992 2042 1166 2124 episcopus
1194 2041 1313 2116 Pecok,
1340 2042 1374 2104 in
1400 2040 1485 2104 libro
1515 2061 1576 2104 suo
1602 2039 1655 2103 De

300 2161 374 2240 fide,
395 2173 490 2245 parte
514 2165 667 2239 secunda,
691 2170 753 2227 ca0.
770 2164 895 2246 quinto,
915 2163 995 2227 dicit
1018 2163 1107 2245 quod
1131 2162 1247 2226 doctor
1267 2161 1395 2225 subtilis
1415 2161 1476 2225 suit
1498 2161 1655 2242 deceptus

299 2284 434 2364 quando
452 2284 540 2348 dixit
561 2284 650 2366 quod
668 2285 773 2347 Xtum
795 2284 1008 2349 descendisse
1030 2284 1072 2345 ad
1095 2281 1214 2345 inferos
1235 2291 1285 2345 est
1300 2281 1455 2345 articulus
1476 2281 1563 2359 fidei,
1578 2282 1655 2364 quia

299 2405 433 2486 ponitur
462 2406 494 2468 in
526 2406 688 2483 simbolo;
720 2417 754 2468 et
785 2406 865 2469 dicit
897 2406 950 2480 ibi,
976 2404 1154 2486 praedictus
1182 2403 1300 2481 Pecok,
1323 2404 1411 2485 quod
1443 2404 1476 2465 in
1505 2413 1656 2485 tempore

298 2522 479 2608 Augustini
504 2546 569 2589 non
591 2526 652 2589 suit
675 2526 730 2588 ille
751 2525 908 2590 articulus
932 2525 964 2587 in
981 2522 1134 2598 simbolo,
1151 2533 1184 2586 et
1207 2523 1252 2586 sic
1276 2543 1341 2586 non
1360 2533 1411 2587 est
1431 2543 1545 2585 verum
1565 2523 1654 2605 quod

297 2645 440 2726 apostoli
468 2656 649 2727 posuerunt
681 2646 773 2709 illum
801 2647 833 2707 in
861 2645 1012 2707 simbolo.
1060 2644 1144 2707 Haec
1171 2642 1227 2707 ille
1251 2643 1361 2706 Pecok
1391 2644 1514 2706 ibidem
1541 2653 1656 2706 contra

298 2766 410 2828 omnia
440 2768 630 2830 testimonia
660 2767 914 2848 praedicatorum
946 2775 1132 2827 sanctorum
1164 2764 1216 2828 hic
1247 2765 1395 2846 superius
1427 2763 1654 2845 allegatorum,

299 2886 386 2948 unde
406 2906 465 2950 nec
482 2884 604 2950 ‘Avet'
624 2886 652 2949 ei
668 2887 826 2957 dixeritis,
844 2888 889 2948 ‘si
905 2886 1043 2969 angelus
1063 2885 1158 2948 aliter
1181 2887 1213 2948 in
1234 2885 1297 2949 hoc
1319 2884 1536 2968 evangelizet’
1552 2907 1653 2968 quam

299 3005 449 3087 praedicti
469 3008 574 3069 sancti
598 3008 751 3071 doctores
775 3007 947 3084 docebant,
964 3005 1161 3069 ‘anathema
1180 3003 1242 3069 sit.’
1287 3005 1389 3068 Anno
1410 3006 1498 3069 enim
1518 3005 1654 3069 Domini

298 3124 379 3205 jesu
406 3126 467 3190 Xti
499 3127 673 3192 millesimo
703 3128 1029 3209 quadringentesimo
1061 3127 1086 3188 l⁰
1110 3128 1261 3209 septimo
1286 3127 1370 3191 circa
1393 3126 1513 3192 festum
1540 3126 1654 3191 Sancti

300 3245 445 3325 Martini,
468 3248 612 3330 episcopi
637 3258 670 3311 et
694 3248 753 3312 Xti
777 3247 981 3325 confessoris,
1004 3250 1182 3330 praedictus
1206 3248 1325 3327 Pecok,
1347 3248 1520 3330 episcopus
1546 3246 1655 3311 Cices-

298 3367 426 3440 trensis‚
445 3369 605 3449 expulsus
628 3369 689 3432 fuit
714 3368 897 3432 Londoniis
918 3389 937 3430 a
961 3369 1140 3449 praesencia
1163 3369 1248 3452 regis
1271 3378 1305 3432 et
1328 3369 1538 3432 dominorum
1561 3369 1652 3451 regni

298 3488 516 3569 spiritualium
545 3498 578 3551 et
606 3489 847 3572 temporalium,
875 3499 907 3552 et
934 3510 954 3551 a
981 3491 1082 3552 domo
1112 3489 1240 3554 concilii
1268 3490 1352 3571 regis
1382 3499 1416 3553 et
1445 3489 1654 3552 dominomm

299 3608 409 3690 regni:
436 3608 575 3691 jubente
598 3610 659 3672 sibi
684 3611 715 3672 in
739 3609 794 3672 illa
815 3610 915 3673 domo
936 3609 1201 3692 archiepiscopus
1226 3609 1482 3688 Cantuariensis,
1500 3610 1654 3673 dominus

298 3728 447 3793 Thomas
478 3730 653 3805 Bourcher‚
686 3732 775 3813 quod
807 3732 878 3812 ipse
909 3730 1018 3794 Pecolc
1049 3731 1224 3813 episcopus
1257 3732 1363 3794 exiret
1394 3732 1437 3795 ab
1466 3730 1523 3794 illa
1551 3732 1654 3795 domo

298 3850 426 3915 concilii
452 3851 540 3933 regii,
566 3861 600 3914 et
624 3872 644 3915 a
666 3851 845 3934 praesencia
872 3852 955 3933 regis
981 3851 1025 3914 ibi
1052 3861 1132 3915 tunc
1161 3853 1342 3930 existentis,
1368 3862 1402 3916 et
1428 3873 1448 3915 a
1473 3853 1654 3934 praesencia

299 3971 510 4036 dominorum
537 3973 628 4053 regni
655 3973 699 4034 ibi
724 3982 803 4036 tunc
835 3973 1062 4051 existencium,
1089 3973 1307 4055 spiritualium
1333 3983 1367 4037 et
1396 3972 1653 4057 temporalium;

300 4090 409 4155 nullus
435 4092 522 4156 enim
550 4093 704 4156 dominus
728 4093 919 4175 temporalis
948 4103 1027 4158 tunc
1051 4094 1084 4156 in
1108 4093 1165 4156 illo
1192 4093 1330 4158 concilio
1357 4114 1481 4176 magno
1507 4094 1593 4177 regis
1619 4104 1653 4157 et

300 4214 390 4294 regni
414 4213 562 4277 existens
587 4215 690 4278 voluit
715 4213 805 4297 loqui
831 4212 1006 4278 concilium
1034 4234 1129 4277 suum
1156 4234 1215 4278 nec
1246 4215 1496 4292 avisamentum,
1524 4233 1584 4278 nec
1614 4233 1654 4276 ea
