<?xml version="1.0" encoding="UTF-8"?>
<!DOCTYPE html PUBLIC "-//W3C//DTD XHTML 1.0 Transitional//EN"
    "http://www.w3.org/TR/xhtml1/DTD/xhtml1-transitional.dtd">
<html xmlns="http://www.w3.org/1999/xhtml" xml:lang="en" lang="en">
 <head>
  <title>
</title>
<meta http-equiv="Content-Type" content="text/html;charset=utf-8" />
  <meta name='ocr-system' content='tesseract 3.04.00' />
  <meta name='ocr-capabilities' content='ocr_page ocr_carea ocr_par ocr_line ocrx_word'/>
</head>
<body>
  <div class='ocr_page' id='page_1' title='image "./locielibroverit00gascgoog/locielibroverit00gascgoog_0192.png"; bbox 0 0 3818 4904; ppageno 0'>
   <div class='ocr_carea' id='block_1_1' title="bbox 686 434 1663 511">
    <p class='ocr_par' dir='ltr' id='par_1_1' title="bbox 686 434 1663 511">
     <span class='ocr_line' id='line_1_1' title="bbox 686 434 1663 511; baseline 0.002 -20"><span class='ocrx_word' id='word_1_1' title='bbox 686 437 784 493; x_wconf 88' lang='lat' dir='ltr'><em>LOCI</em></span> <span class='ocrx_word' id='word_1_2' title='bbox 811 438 840 490; x_wconf 90' lang='lat' dir='ltr'><em>E</em></span> <span class='ocrx_word' id='word_1_3' title='bbox 870 435 994 489; x_wconf 89' lang='lat' dir='ltr'><em>LIBRO</em></span> <span class='ocrx_word' id='word_1_4' title='bbox 1030 434 1288 490; x_wconf 80' lang='lat' dir='ltr'><em>VERITATUM.</em></span> <span class='ocrx_word' id='word_1_5' title='bbox 1625 449 1663 511; x_wconf 91' lang='lat'><strong>91</strong></span> 
     </span>
    </p>
   </div>
   <div class='ocr_carea' id='block_1_2' title="bbox 306 647 1668 1094">
    <p class='ocr_par' dir='ltr' id='par_1_2' title="bbox 306 647 1668 1094">
     <span class='ocr_line' id='line_1_2' title="bbox 306 647 1667 732; baseline 0.005 -22"><span class='ocrx_word' id='word_1_6' title='bbox 306 647 451 727; x_wconf 86' lang='lat' dir='ltr'><strong>trahunt,</strong></span> <span class='ocrx_word' id='word_1_7' title='bbox 477 651 577 714; x_wconf 88' lang='lat' dir='ltr'><strong>verba</strong></span> <span class='ocrx_word' id='word_1_8' title='bbox 609 651 724 715; x_wconf 90' lang='lat' dir='ltr'><strong>Sancti</strong></span> <span class='ocrx_word' id='word_1_9' title='bbox 749 651 909 732; x_wconf 89' lang='lat' dir='ltr'><strong>Jeronimi</strong></span> <span class='ocrx_word' id='word_1_10' title='bbox 940 650 973 712; x_wconf 90' lang='lat' dir='ltr'><strong>in</strong></span> <span class='ocrx_word' id='word_1_11' title='bbox 1004 648 1142 731; x_wconf 83' lang='lat' dir='ltr'>prologo</span> <span class='ocrx_word' id='word_1_12' title='bbox 1171 649 1288 712; x_wconf 85' lang='lat' dir='ltr'><strong>Bibliae</strong></span> <span class='ocrx_word' id='word_1_13' title='bbox 1318 651 1535 728; x_wconf 86' lang='lat' dir='ltr'>considerent,</span> <span class='ocrx_word' id='word_1_14' title='bbox 1564 673 1610 717; x_wconf 89' lang='lat' dir='ltr'><strong>sc.</strong></span> <span class='ocrx_word' id='word_1_15' title='bbox 1634 654 1667 717; x_wconf 94' lang='lat' dir='ltr'><strong>in</strong></span> 
     </span>
     <span class='ocr_line' id='line_1_3' title="bbox 307 768 1668 852; baseline 0.005 -22"><span class='ocrx_word' id='word_1_16' title='bbox 307 769 449 850; x_wconf 92' lang='lat' dir='ltr'><strong>epistola</strong></span> <span class='ocrx_word' id='word_1_17' title='bbox 465 769 580 835; x_wconf 88' lang='lat' dir='ltr'><strong>Sancti</strong></span> <span class='ocrx_word' id='word_1_18' title='bbox 596 771 755 852; x_wconf 88' lang='lat' dir='ltr'><strong>Jeronimi</strong></span> <span class='ocrx_word' id='word_1_19' title='bbox 774 771 817 834; x_wconf 91' lang='lat' dir='ltr'><strong>ad</strong></span> <span class='ocrx_word' id='word_1_20' title='bbox 840 770 1014 833; x_wconf 88' lang='lat' dir='ltr'><strong>Paulinum</strong></span> <span class='ocrx_word' id='word_1_21' title='bbox 1035 771 1079 832; x_wconf 91' lang='lat' dir='ltr'><strong>de</strong></span> <span class='ocrx_word' id='word_1_22' title='bbox 1097 768 1260 833; x_wconf 90' lang='lat' dir='ltr'><strong>Senatore</strong></span> <span class='ocrx_word' id='word_1_23' title='bbox 1282 772 1511 852; x_wconf 91' lang='lat' dir='ltr'><strong>presbiterum.</strong></span> <span class='ocrx_word' id='word_1_24' title='bbox 1555 773 1668 837; x_wconf 93' lang='lat' dir='ltr'><strong>Vicio·</strong></span> 
     </span>
     <span class='ocr_line' id='line_1_4' title="bbox 306 888 1667 973; baseline 0.005 -23"><span class='ocrx_word' id='word_1_25' title='bbox 306 888 473 953; x_wconf 92' lang='lat' dir='ltr'><strong>sissimum</strong></span> <span class='ocrx_word' id='word_1_26' title='bbox 503 893 633 956; x_wconf 89' lang='lat' dir='ltr'><strong>dicendi</strong></span> <span class='ocrx_word' id='word_1_27' title='bbox 666 912 771 973; x_wconf 91' lang='lat' dir='ltr'><strong>genus</strong></span> <span class='ocrx_word' id='word_1_28' title='bbox 802 901 852 953; x_wconf 90' lang='lat' dir='ltr'><strong>est</strong></span> <span class='ocrx_word' id='word_1_29' title='bbox 889 891 1069 970; x_wconf 87' lang='lat' dir='ltr'><strong>depravare</strong></span> <span class='ocrx_word' id='word_1_30' title='bbox 1099 891 1284 954; x_wconf 90' lang='lat' dir='ltr'>sentencias</span> <span class='ocrx_word' id='word_1_31' title='bbox 1316 900 1349 954; x_wconf 88' lang='lat' dir='ltr'><strong>et</strong></span> <span class='ocrx_word' id='word_1_32' title='bbox 1385 892 1428 954; x_wconf 90' lang='lat' dir='ltr'><strong>ad</strong></span> <span class='ocrx_word' id='word_1_33' title='bbox 1459 893 1667 957; x_wconf 89' lang='lat' dir='ltr'><strong>voluntatem</strong></span> 
     </span>
     <span class='ocr_line' id='line_1_5' title="bbox 306 1009 1668 1094; baseline 0.004 -23"><span class='ocrx_word' id='word_1_34' title='bbox 306 1029 401 1072; x_wconf 91' lang='lat' dir='ltr'><strong>suam</strong></span> <span class='ocrx_word' id='word_1_35' title='bbox 424 1031 550 1074; x_wconf 87' lang='lat' dir='ltr'><strong>sacram</strong></span> <span class='ocrx_word' id='word_1_36' title='bbox 574 1012 769 1094; x_wconf 87' lang='lat' dir='ltr'><strong>scripturam</strong></span> <span class='ocrx_word' id='word_1_37' title='bbox 793 1010 922 1074; x_wconf 85' lang='lat' dir='ltr'><strong>trahere</strong></span> <span class='ocrx_word' id='word_1_38' title='bbox 943 1018 1193 1091; x_wconf 87' lang='lat' dir='ltr'><strong>repugnantem.</strong></span> <span class='ocrx_word' id='word_1_39' title='bbox 1240 1009 1320 1073; x_wconf 92' lang='lat' dir='ltr'><strong>Illas</strong></span> <span class='ocrx_word' id='word_1_40' title='bbox 1343 1032 1422 1093; x_wconf 92' lang='lat' dir='ltr'><strong>ergo</strong></span> <span class='ocrx_word' id='word_1_41' title='bbox 1445 1014 1602 1077; x_wconf 84' lang='lat' dir='ltr'><strong>veritates</strong></span> <span class='ocrx_word' id='word_1_42' title='bbox 1624 1014 1668 1077; x_wconf 93' lang='lat' dir='ltr'><strong>de</strong></span> 
     </span>
    </p>
   </div>
   <div class='ocr_carea' id='block_1_3' title="bbox 212 1129 1670 1224">
    <p class='ocr_par' dir='ltr' id='par_1_3' title="bbox 212 1129 1670 1224">
     <span class='ocr_line' id='line_1_6' title="bbox 212 1129 1670 1224; baseline 0.006 -35"><span class='ocrx_word' id='word_1_43' title='bbox 212 1216 216 1224; x_wconf 32' lang='grc' dir='ltr'>Ι</span> <span class='ocrx_word' id='word_1_44' title='bbox 306 1129 526 1212; x_wconf 92' lang='lat' dir='ltr'><strong>indulgenciis</strong></span> <span class='ocrx_word' id='word_1_45' title='bbox 558 1133 601 1195; x_wconf 95' lang='lat' dir='ltr'><strong>ab</strong></span> <span class='ocrx_word' id='word_1_46' title='bbox 639 1131 773 1196; x_wconf 91' lang='lat' dir='ltr'><strong>homine</strong></span> <span class='ocrx_word' id='word_1_47' title='bbox 809 1130 973 1194; x_wconf 88' lang='lat' dir='ltr'><strong>concessis</strong></span> <span class='ocrx_word' id='word_1_48' title='bbox 1010 1139 1192 1206; x_wconf 89' lang='lat' dir='ltr'><strong>teneamus,</strong></span> <span class='ocrx_word' id='word_1_49' title='bbox 1227 1151 1308 1211; x_wconf 91' lang='lat' dir='ltr'><strong>quas</strong></span> <span class='ocrx_word' id='word_1_50' title='bbox 1343 1133 1448 1195; x_wconf 89' lang='lat' dir='ltr'><strong>sancti</strong></span> <span class='ocrx_word' id='word_1_51' title='bbox 1485 1143 1596 1215; x_wconf 88' lang='lat' dir='ltr'><strong>patres</strong></span> <span class='ocrx_word' id='word_1_52' title='bbox 1634 1142 1670 1198; x_wconf 93' lang='lat' dir='ltr'><strong>et</strong></span> 
     </span>
    </p>
   </div>
   <div class='ocr_carea' id='block_1_4' title="bbox 302 1250 1669 3506">
    <p class='ocr_par' dir='ltr' id='par_1_4' title="bbox 302 1250 1669 3506">
     <span class='ocr_line' id='line_1_7' title="bbox 307 1250 1669 1333; baseline 0.006 -22"><span class='ocrx_word' id='word_1_53' title='bbox 307 1270 437 1331; x_wconf 85' lang='lat' dir='ltr'><strong>magnae</strong></span> <span class='ocrx_word' id='word_1_54' title='bbox 467 1251 616 1316; x_wconf 84' lang='lat' dir='ltr'><strong>scienciae</strong></span> <span class='ocrx_word' id='word_1_55' title='bbox 643 1252 796 1315; x_wconf 89' lang='lat' dir='ltr'><strong>doctores</strong></span> <span class='ocrx_word' id='word_1_56' title='bbox 826 1251 955 1333; x_wconf 88' lang='lat' dir='ltr'><strong>magnis</strong></span> <span class='ocrx_word' id='word_1_57' title='bbox 985 1260 1020 1313; x_wconf 89' lang='lat' dir='ltr'><strong>et</strong></span> <span class='ocrx_word' id='word_1_58' title='bbox 1049 1250 1172 1332; x_wconf 92' lang='lat' dir='ltr'><strong>apertis</strong></span> <span class='ocrx_word' id='word_1_59' title='bbox 1201 1254 1383 1315; x_wconf 91' lang='lat' dir='ltr'><strong>ostendunt</strong></span> <span class='ocrx_word' id='word_1_60' title='bbox 1414 1254 1599 1318; x_wconf 92' lang='lat' dir='ltr'><strong>racionibus</strong></span> <span class='ocrx_word' id='word_1_61' title='bbox 1633 1265 1669 1319; x_wconf 89' lang='lat' dir='ltr'><strong>et</strong></span> 
     </span>
     <span class='ocr_line' id='line_1_8' title="bbox 308 1370 1669 1464; baseline 0.004 -32"><span class='ocrx_word' id='word_1_62' title='bbox 308 1370 490 1464; x_wconf 82' lang='lat' dir='ltr'><strong>manifestis</strong></span> <span class='ocrx_word' id='word_1_63' title='bbox 520 1392 622 1435; x_wconf 84' lang='lat' dir='ltr'><strong>sacrae</strong></span> <span class='ocrx_word' id='word_1_64' title='bbox 653 1372 822 1453; x_wconf 76' lang='lat' dir='ltr'><strong>scripturae</strong></span> <span class='ocrx_word' id='word_1_65' title='bbox 849 1370 1046 1434; x_wconf 89' lang='lat' dir='ltr'><strong>testimoniis</strong></span> <span class='ocrx_word' id='word_1_66' title='bbox 1059 1392 1067 1449; x_wconf 90' lang='lat'>;</span> <span class='ocrx_word' id='word_1_67' title='bbox 1097 1380 1192 1433; x_wconf 90' lang='lat' dir='ltr'><strong>tanta</strong></span> <span class='ocrx_word' id='word_1_68' title='bbox 1223 1372 1312 1442; x_wconf 90' lang='lat' dir='ltr'><strong>enim</strong></span> <span class='ocrx_word' id='word_1_69' title='bbox 1342 1380 1454 1453; x_wconf 92' lang='lat' dir='ltr'><strong>potest</strong></span> <span class='ocrx_word' id='word_1_70' title='bbox 1487 1394 1559 1436; x_wconf 89' lang='lat' dir='ltr'><strong>esse</strong></span> <span class='ocrx_word' id='word_1_71' title='bbox 1589 1395 1669 1438; x_wconf 92' lang='lat' dir='ltr'><strong>con-</strong></span> 
     </span>
     <span class='ocr_line' id='line_1_9' title="bbox 306 1490 1668 1572; baseline 0.004 -19"><span class='ocrx_word' id='word_1_72' title='bbox 306 1492 413 1554; x_wconf 89' lang='lat' dir='ltr'><strong>versio</strong></span> <span class='ocrx_word' id='word_1_73' title='bbox 436 1501 470 1554; x_wconf 89' lang='lat' dir='ltr'><strong>et</strong></span> <span class='ocrx_word' id='word_1_74' title='bbox 496 1512 591 1554; x_wconf 89' lang='lat' dir='ltr'><strong>amor</strong></span> <span class='ocrx_word' id='word_1_75' title='bbox 613 1492 741 1555; x_wconf 90' lang='lat' dir='ltr'><strong>divinus</strong></span> <span class='ocrx_word' id='word_1_76' title='bbox 765 1494 798 1555; x_wconf 94' lang='lat' dir='ltr'><strong>in</strong></span> <span class='ocrx_word' id='word_1_77' title='bbox 823 1491 935 1554; x_wconf 88' lang='lat' dir='ltr'><strong>animo</strong></span> <span class='ocrx_word' id='word_1_78' title='bbox 959 1490 1151 1572; x_wconf 85' lang='lat' dir='ltr'><strong>poenitentis</strong></span> <span class='ocrx_word' id='word_1_79' title='bbox 1174 1491 1265 1572; x_wconf 93' lang='lat' dir='ltr'><strong>quod</strong></span> <span class='ocrx_word' id='word_1_80' title='bbox 1288 1491 1315 1554; x_wconf 89' lang='lat' dir='ltr'><strong>si</strong></span> <span class='ocrx_word' id='word_1_81' title='bbox 1343 1513 1423 1555; x_wconf 90' lang='lat' dir='ltr'><strong>mox</strong></span> <span class='ocrx_word' id='word_1_82' title='bbox 1447 1493 1557 1557; x_wconf 91' lang='lat' dir='ltr'><strong>anima</strong></span> <span class='ocrx_word' id='word_1_83' title='bbox 1581 1504 1668 1558; x_wconf 88' lang='lat' dir='ltr'><strong>esset</strong></span> 
     </span>
     <span class='ocr_line' id='line_1_10' title="bbox 306 1611 1666 1694; baseline 0.004 -21"><span class='ocrx_word' id='word_1_84' title='bbox 306 1621 468 1692; x_wconf 88' lang='lat' dir='ltr'><strong>separata,</strong></span> <span class='ocrx_word' id='word_1_85' title='bbox 492 1611 633 1676; x_wconf 88' lang='lat' dir='ltr'><strong>totalem</strong></span> <span class='ocrx_word' id='word_1_86' title='bbox 657 1632 790 1694; x_wconf 89' lang='lat' dir='ltr'><strong>prorsus</strong></span> <span class='ocrx_word' id='word_1_87' title='bbox 815 1611 940 1674; x_wconf 89' lang='lat' dir='ltr'><strong>habent</strong></span> <span class='ocrx_word' id='word_1_88' title='bbox 966 1630 1076 1693; x_wconf 86' lang='lat' dir='ltr'><strong>poenae</strong></span> <span class='ocrx_word' id='word_1_89' title='bbox 1103 1612 1192 1693; x_wconf 91' lang='lat' dir='ltr'><strong>prius</strong></span> <span class='ocrx_word' id='word_1_90' title='bbox 1219 1611 1342 1676; x_wconf 83' lang='lat' dir='ltr'><strong>debitae</strong></span> <span class='ocrx_word' id='word_1_91' title='bbox 1368 1614 1605 1688; x_wconf 89' lang='lat' dir='ltr'><strong>remissionem,</strong></span> <span class='ocrx_word' id='word_1_92' title='bbox 1629 1626 1666 1679; x_wconf 91' lang='lat' dir='ltr'><strong>ut</strong></span> 
     </span>
     <span class='ocr_line' id='line_1_11' title="bbox 306 1730 1667 1808; baseline 0.003 -14"><span class='ocrx_word' id='word_1_93' title='bbox 306 1731 452 1794; x_wconf 89' lang='lat' dir='ltr'><strong>ostendit</strong></span> <span class='ocrx_word' id='word_1_94' title='bbox 480 1731 624 1796; x_wconf 89' lang='lat' dir='ltr'><strong>Sanctus</strong></span> <span class='ocrx_word' id='word_1_95' title='bbox 647 1732 796 1795; x_wconf 89' lang='lat' dir='ltr'><strong>Thomas</strong></span> <span class='ocrx_word' id='word_1_96' title='bbox 823 1732 855 1793; x_wconf 92' lang='lat' dir='ltr'><strong>in</strong></span> <span class='ocrx_word' id='word_1_97' title='bbox 880 1738 916 1808; x_wconf 88' lang='lat'><strong>4⁰</strong></span> <span class='ocrx_word' id='word_1_98' title='bbox 941 1730 1024 1794; x_wconf 94' lang='lat' dir='ltr'><strong>libro</strong></span> <span class='ocrx_word' id='word_1_99' title='bbox 1047 1731 1308 1796; x_wconf 88' lang='lat' dir='ltr'><strong>Sentenciarum.</strong></span> <span class='ocrx_word' id='word_1_100' title='bbox 1354 1732 1442 1795; x_wconf 91' lang='lat' dir='ltr'><strong>Tum</strong></span> <span class='ocrx_word' id='word_1_101' title='bbox 1469 1733 1590 1797; x_wconf 79' lang='lat' dir='ltr'><strong>salsum</strong></span> <span class='ocrx_word' id='word_1_102' title='bbox 1616 1744 1667 1799; x_wconf 91' lang='lat' dir='ltr'><strong>est</strong></span> 
     </span>
     <span class='ocr_line' id='line_1_12' title="bbox 306 1851 1667 1935; baseline 0.004 -21"><span class='ocrx_word' id='word_1_103' title='bbox 306 1853 397 1934; x_wconf 93' lang='lat' dir='ltr'><strong>quod</strong></span> <span class='ocrx_word' id='word_1_104' title='bbox 427 1851 587 1934; x_wconf 85' lang='lat' dir='ltr'><strong>quaelibet</strong></span> <span class='ocrx_word' id='word_1_105' title='bbox 616 1853 687 1916; x_wconf 91' lang='lat' dir='ltr'><strong>dies</strong></span> <span class='ocrx_word' id='word_1_106' title='bbox 720 1853 930 1934; x_wconf 85' lang='lat' dir='ltr'><strong>poenitenciae</strong></span> <span class='ocrx_word' id='word_1_107' title='bbox 961 1853 993 1914; x_wconf 94' lang='lat' dir='ltr'><strong>in</strong></span> <span class='ocrx_word' id='word_1_108' title='bbox 1024 1851 1174 1935; x_wconf 93' lang='lat' dir='ltr'><strong>quolibet</strong></span> <span class='ocrx_word' id='word_1_109' title='bbox 1211 1852 1395 1935; x_wconf 89' lang='lat' dir='ltr'><strong>poenitente</strong></span> <span class='ocrx_word' id='word_1_110' title='bbox 1432 1855 1464 1916; x_wconf 94' lang='lat' dir='ltr'><strong>in</strong></span> <span class='ocrx_word' id='word_1_111' title='bbox 1498 1853 1561 1919; x_wconf 90' lang='lat' dir='ltr'><strong>hac</strong></span> <span class='ocrx_word' id='word_1_112' title='bbox 1597 1855 1667 1920; x_wconf 89' lang='lat' dir='ltr'><strong>vita</strong></span> 
     </span>
     <span class='ocr_line' id='line_1_13' title="bbox 306 1972 1667 2059; baseline 0.003 -23"><span class='ocrx_word' id='word_1_113' title='bbox 306 1983 450 2037; x_wconf 90' lang='lat' dir='ltr'><strong>meretur</strong></span> <span class='ocrx_word' id='word_1_114' title='bbox 479 1995 500 2036; x_wconf 91' lang='lat' dir='ltr'><strong>a</strong></span> <span class='ocrx_word' id='word_1_115' title='bbox 530 1972 606 2036; x_wconf 94' lang='lat' dir='ltr'><strong>Deo</strong></span> <span class='ocrx_word' id='word_1_116' title='bbox 637 1972 863 2037; x_wconf 89' lang='lat' dir='ltr'><strong>remissionem</strong></span> <span class='ocrx_word' id='word_1_117' title='bbox 893 1972 1044 2037; x_wconf 91' lang='lat' dir='ltr'><strong>annualis</strong></span> <span class='ocrx_word' id='word_1_118' title='bbox 1077 1994 1186 2055; x_wconf 86' lang='lat' dir='ltr'><strong>poenae</strong></span> <span class='ocrx_word' id='word_1_119' title='bbox 1218 1975 1251 2036; x_wconf 94' lang='lat' dir='ltr'><strong>in</strong></span> <span class='ocrx_word' id='word_1_120' title='bbox 1282 1977 1474 2057; x_wconf 92' lang='lat' dir='ltr'><strong>purgatorio</strong></span> <span class='ocrx_word' id='word_1_121' title='bbox 1504 1996 1561 2039; x_wconf 89' lang='lat' dir='ltr'><strong>seu</strong></span> <span class='ocrx_word' id='word_1_122' title='bbox 1589 1987 1667 2059; x_wconf 91' lang='lat' dir='ltr'><strong>post</strong></span> 
     </span>
     <span class='ocr_line' id='line_1_14' title="bbox 305 2093 1665 2178; baseline 0.004 -22"><span class='ocrx_word' id='word_1_123' title='bbox 305 2093 390 2158; x_wconf 91' lang='lat' dir='ltr'><strong>hanc</strong></span> <span class='ocrx_word' id='word_1_124' title='bbox 413 2094 526 2156; x_wconf 89' lang='lat' dir='ltr'><strong>vitam.</strong></span> <span class='ocrx_word' id='word_1_125' title='bbox 574 2093 687 2157; x_wconf 91' lang='lat' dir='ltr'><strong>Plures</strong></span> <span class='ocrx_word' id='word_1_126' title='bbox 707 2093 796 2156; x_wconf 88' lang='lat' dir='ltr'><strong>enirn</strong></span> <span class='ocrx_word' id='word_1_127' title='bbox 815 2094 938 2171; x_wconf 91' lang='lat' dir='ltr'><strong>dicunt,</strong></span> <span class='ocrx_word' id='word_1_128' title='bbox 959 2094 1143 2158; x_wconf 87' lang='lat' dir='ltr'><strong>‘Dominel</strong></span> <span class='ocrx_word' id='word_1_129' title='bbox 1168 2095 1332 2159; x_wconf 78' lang='lat' dir='ltr'><strong>Domine!</strong></span> <span class='ocrx_word' id='word_1_130' title='bbox 1356 2097 1447 2178; x_wconf 90' lang='lat' dir='ltr'><strong>aperi</strong></span> <span class='ocrx_word' id='word_1_131' title='bbox 1471 2093 1587 2172; x_wconf 88' lang='lat' dir='ltr'><strong>nobis‚&#39;</strong></span> <span class='ocrx_word' id='word_1_132' title='bbox 1606 2098 1665 2161; x_wconf 92' lang='lat' dir='ltr'><strong>sed</strong></span> 
     </span>
     <span class='ocr_line' id='line_1_15' title="bbox 304 2212 1665 2297; baseline 0.003 -21"><span class='ocrx_word' id='word_1_133' title='bbox 304 2216 383 2296; x_wconf 92' lang='lat' dir='ltr'><strong>quia</strong></span> <span class='ocrx_word' id='word_1_134' title='bbox 409 2215 508 2278; x_wconf 92' lang='lat' dir='ltr'><strong>corde</strong></span> <span class='ocrx_word' id='word_1_135' title='bbox 531 2224 564 2277; x_wconf 87' lang='lat' dir='ltr'><strong>et</strong></span> <span class='ocrx_word' id='word_1_136' title='bbox 588 2235 687 2297; x_wconf 92' lang='lat' dir='ltr'><strong>opere</strong></span> <span class='ocrx_word' id='word_1_137' title='bbox 711 2234 777 2276; x_wconf 93' lang='lat' dir='ltr'><strong>non</strong></span> <span class='ocrx_word' id='word_1_138' title='bbox 800 2212 946 2278; x_wconf 89' lang='lat' dir='ltr'><strong>clamant</strong></span> <span class='ocrx_word' id='word_1_139' title='bbox 969 2215 1045 2278; x_wconf 93' lang='lat' dir='ltr'><strong>ideo</strong></span> <span class='ocrx_word' id='word_1_140' title='bbox 1067 2215 1215 2290; x_wconf 89' lang='lat' dir='ltr'><strong>audiunt,</strong></span> <span class='ocrx_word' id='word_1_141' title='bbox 1246 2217 1386 2281; x_wconf 88' lang='lat' dir='ltr'><strong>‘Nescio</strong></span> <span class='ocrx_word' id='word_1_142' title='bbox 1409 2216 1486 2290; x_wconf 90' lang='lat' dir='ltr'><strong>vos‚&#39;</strong></span> <span class='ocrx_word' id='word_1_143' title='bbox 1510 2219 1529 2279; x_wconf 90' lang='lat' dir='ltr'><strong>i.</strong></span> <span class='ocrx_word' id='word_1_144' title='bbox 1544 2238 1573 2280; x_wconf 91' lang='lat' dir='ltr'><strong>e.</strong></span> <span class='ocrx_word' id='word_1_145' title='bbox 1597 2238 1665 2281; x_wconf 93' lang='lat' dir='ltr'><strong>non</strong></span> 
     </span>
     <span class='ocr_line' id='line_1_16' title="bbox 303 2334 1664 2420; baseline 0.003 -22"><span class='ocrx_word' id='word_1_146' title='bbox 303 2334 463 2418; x_wconf 87' lang='lat' dir='ltr'><strong>approbo.</strong></span> <span class='ocrx_word' id='word_1_147' title='bbox 511 2334 592 2398; x_wconf 94' lang='lat' dir='ltr'><strong>Ideo</strong></span> <span class='ocrx_word' id='word_1_148' title='bbox 617 2355 693 2398; x_wconf 91' lang='lat' dir='ltr'><strong>cum</strong></span> <span class='ocrx_word' id='word_1_149' title='bbox 720 2335 858 2400; x_wconf 91' lang='lat' dir='ltr'><strong>concilio</strong></span> <span class='ocrx_word' id='word_1_150' title='bbox 888 2344 1012 2399; x_wconf 86' lang='lat' dir='ltr'><strong>sanctae</strong></span> <span class='ocrx_word' id='word_1_151' title='bbox 1041 2335 1150 2398; x_wconf 86' lang='lat' dir='ltr'><strong>viduae</strong></span> <span class='ocrx_word' id='word_1_152' title='bbox 1171 2336 1276 2417; x_wconf 91' lang='lat' dir='ltr'><strong>Judit,</strong></span> <span class='ocrx_word' id='word_1_153' title='bbox 1303 2336 1575 2420; x_wconf 88' lang='lat' dir='ltr'><strong>‘Indulgenciam</strong></span> <span class='ocrx_word' id='word_1_154' title='bbox 1599 2338 1664 2402; x_wconf 91' lang='lat' dir='ltr'><strong>Dei</strong></span> 
     </span>
     <span class='ocr_line' id='line_1_17' title="bbox 303 2454 1661 2540; baseline 0.002 -22"><span class='ocrx_word' id='word_1_155' title='bbox 303 2455 384 2519; x_wconf 84' lang='lat' dir='ltr'><strong>susis</strong></span> <span class='ocrx_word' id='word_1_156' title='bbox 406 2455 548 2520; x_wconf 90' lang='lat' dir='ltr'><strong>lacrimis</strong></span> <span class='ocrx_word' id='word_1_157' title='bbox 564 2456 778 2537; x_wconf 90' lang='lat' dir='ltr'><strong>postulemus,</strong></span> <span class='ocrx_word' id='word_1_158' title='bbox 795 2465 829 2520; x_wconf 88' lang='lat' dir='ltr'><strong>et</strong></span> <span class='ocrx_word' id='word_1_159' title='bbox 846 2454 1057 2519; x_wconf 88' lang='lat' dir='ltr'><strong>humiliemus</strong></span> <span class='ocrx_word' id='word_1_160' title='bbox 1074 2455 1120 2518; x_wconf 89' lang='lat' dir='ltr'><strong>illi</strong></span> <span class='ocrx_word' id='word_1_161' title='bbox 1139 2457 1267 2520; x_wconf 91' lang='lat' dir='ltr'><strong>animas</strong></span> <span class='ocrx_word' id='word_1_162' title='bbox 1288 2466 1424 2535; x_wconf 71' lang='lat' dir='ltr'><strong>nostras</strong></span> <span class='ocrx_word' id='word_1_163' title='bbox 1441 2468 1474 2522; x_wconf 91' lang='lat' dir='ltr'><strong>et</strong></span> <span class='ocrx_word' id='word_1_164' title='bbox 1493 2458 1526 2520; x_wconf 94' lang='lat' dir='ltr'><strong>in</strong></span> <span class='ocrx_word' id='word_1_165' title='bbox 1544 2459 1661 2540; x_wconf 90' lang='lat' dir='ltr'><strong>spiritu</strong></span> 
     </span>
     <span class='ocr_line' id='line_1_18' title="bbox 303 2575 1664 2653; baseline -0.001 -12"><span class='ocrx_word' id='word_1_166' title='bbox 303 2577 446 2641; x_wconf 88' lang='lat' dir='ltr'><strong>contrito</strong></span> <span class='ocrx_word' id='word_1_167' title='bbox 469 2586 504 2639; x_wconf 89' lang='lat' dir='ltr'><strong>et</strong></span> <span class='ocrx_word' id='word_1_168' title='bbox 527 2575 700 2638; x_wconf 90' lang='lat' dir='ltr'><strong>humiliato</strong></span> <span class='ocrx_word' id='word_1_169' title='bbox 723 2575 901 2639; x_wconf 89' lang='lat' dir='ltr'><strong>servientes</strong></span> <span class='ocrx_word' id='word_1_170' title='bbox 923 2576 970 2638; x_wconf 92' lang='lat' dir='ltr'><strong>illi</strong></span> <span class='ocrx_word' id='word_1_171' title='bbox 993 2578 1151 2653; x_wconf 90' lang='lat' dir='ltr'><strong>dicamus,</strong></span> <span class='ocrx_word' id='word_1_172' title='bbox 1171 2576 1289 2640; x_wconf 88' lang='lat' dir='ltr'><strong>flentes</strong></span> <span class='ocrx_word' id='word_1_173' title='bbox 1310 2578 1469 2652; x_wconf 90' lang='lat' dir='ltr'><strong>Domino,</strong></span> <span class='ocrx_word' id='word_1_174' title='bbox 1488 2587 1524 2641; x_wconf 94' lang='lat' dir='ltr'><strong>ut</strong></span> <span class='ocrx_word' id='word_1_175' title='bbox 1546 2598 1664 2642; x_wconf 91' lang='lat' dir='ltr'><strong>secun·</strong></span> 
     </span>
     <span class='ocr_line' id='line_1_19' title="bbox 304 2694 1663 2762; baseline 0 -2"><span class='ocrx_word' id='word_1_176' title='bbox 304 2697 385 2760; x_wconf 90' lang='lat' dir='ltr'><strong>dum</strong></span> <span class='ocrx_word' id='word_1_177' title='bbox 427 2696 635 2760; x_wconf 87' lang='lat' dir='ltr'><strong>voluntatem</strong></span> <span class='ocrx_word' id='word_1_178' title='bbox 676 2717 771 2759; x_wconf 87' lang='lat' dir='ltr'><strong>suam</strong></span> <span class='ocrx_word' id='word_1_179' title='bbox 814 2697 860 2760; x_wconf 92' lang='lat' dir='ltr'><strong>sic</strong></span> <span class='ocrx_word' id='word_1_180' title='bbox 901 2696 1000 2760; x_wconf 85' lang='lat' dir='ltr'><strong>faciat</strong></span> <span class='ocrx_word' id='word_1_181' title='bbox 1043 2697 1214 2761; x_wconf 92' lang='lat' dir='ltr'><strong>nobiscum</strong></span> <span class='ocrx_word' id='word_1_182' title='bbox 1253 2698 1510 2762; x_wconf 92' lang='lat' dir='ltr'><strong>misericordiam</strong></span> <span class='ocrx_word' id='word_1_183' title='bbox 1547 2694 1663 2761; x_wconf 63' lang='lat' dir='ltr'><strong>suam!</strong></span> 
     </span>
     <span class='ocr_line' id='line_1_20' title="bbox 304 2815 1663 2901; baseline 0.001 -20"><span class='ocrx_word' id='word_1_184' title='bbox 304 2818 398 2899; x_wconf 93' lang='lat' dir='ltr'><strong>Judit</strong></span> <span class='ocrx_word' id='word_1_185' title='bbox 419 2815 454 2878; x_wconf 91' lang='lat'><strong>8⁰</strong></span> <span class='ocrx_word' id='word_1_186' title='bbox 474 2824 537 2882; x_wconf 86' lang='lat' dir='ltr'><strong>ca0.</strong></span> <span class='ocrx_word' id='word_1_187' title='bbox 576 2817 782 2899; x_wconf 88' lang='lat' dir='ltr'><strong>Oquocicns</strong></span> <span class='ocrx_word' id='word_1_188' title='bbox 802 2817 914 2880; x_wconf 91' lang='lat' dir='ltr'><strong>audivi</strong></span> <span class='ocrx_word' id='word_1_189' title='bbox 937 2818 1124 2881; x_wconf 91' lang='lat' dir='ltr'><strong>mundanos</strong></span> <span class='ocrx_word' id='word_1_190' title='bbox 1146 2828 1178 2882; x_wconf 91' lang='lat' dir='ltr'><strong>et</strong></span> <span class='ocrx_word' id='word_1_191' title='bbox 1201 2817 1376 2882; x_wconf 91' lang='lat' dir='ltr'><strong>carnaliter</strong></span> <span class='ocrx_word' id='word_1_192' title='bbox 1395 2820 1544 2882; x_wconf 91' lang='lat' dir='ltr'><strong>viventes</strong></span> <span class='ocrx_word' id='word_1_193' title='bbox 1567 2840 1663 2901; x_wconf 92' lang='lat' dir='ltr'><strong>pom-</strong></span> 
     </span>
     <span class='ocr_line' id='line_1_21' title="bbox 303 2936 1662 3022; baseline 0.001 -20"><span class='ocrx_word' id='word_1_194' title='bbox 303 2941 413 3022; x_wconf 90' lang='lat' dir='ltr'><strong>patice</strong></span> <span class='ocrx_word' id='word_1_195' title='bbox 443 2940 561 3016; x_wconf 92' lang='lat' dir='ltr'><strong>dicere,</strong></span> <span class='ocrx_word' id='word_1_196' title='bbox 579 2938 682 3002; x_wconf 89' lang='lat' dir='ltr'><strong>‘Non</strong></span> <span class='ocrx_word' id='word_1_197' title='bbox 712 2959 790 3002; x_wconf 90' lang='lat' dir='ltr'><strong>curo</strong></span> <span class='ocrx_word' id='word_1_198' title='bbox 822 2936 973 3002; x_wconf 91' lang='lat' dir='ltr'><strong>homines</strong></span> <span class='ocrx_word' id='word_1_199' title='bbox 1003 2939 1172 3018; x_wconf 89' lang='lat' dir='ltr'><strong>indictare,</strong></span> <span class='ocrx_word' id='word_1_200' title='bbox 1201 2938 1291 3002; x_wconf 88' lang='lat' dir='ltr'><strong>lucra</strong></span> <span class='ocrx_word' id='word_1_201' title='bbox 1321 2959 1443 3020; x_wconf 87' lang='lat' dir='ltr'><strong>magna</strong></span> <span class='ocrx_word' id='word_1_202' title='bbox 1472 2941 1515 3003; x_wconf 96' lang='lat' dir='ltr'><strong>ad</strong></span> <span class='ocrx_word' id='word_1_203' title='bbox 1545 2949 1662 3004; x_wconf 88' lang='lat' dir='ltr'><strong>votum</strong></span> 
     </span>
     <span class='ocr_line' id='line_1_22' title="bbox 302 3060 1663 3143; baseline 0 -18"><span class='ocrx_word' id='word_1_204' title='bbox 302 3061 487 3143; x_wconf 92' lang='lat' dir='ltr'><strong>adquirere,</strong></span> <span class='ocrx_word' id='word_1_205' title='bbox 503 3060 620 3123; x_wconf 92' lang='lat' dir='ltr'><strong>viduas</strong></span> <span class='ocrx_word' id='word_1_206' title='bbox 644 3070 678 3123; x_wconf 92' lang='lat' dir='ltr'><strong>et</strong></span> <span class='ocrx_word' id='word_1_207' title='bbox 701 3080 862 3143; x_wconf 90' lang='lat' dir='ltr'><strong>pauperes</strong></span> <span class='ocrx_word' id='word_1_208' title='bbox 886 3060 1061 3141; x_wconf 90' lang='lat' dir='ltr'><strong>exquisitis</strong></span> <span class='ocrx_word' id='word_1_209' title='bbox 1084 3070 1117 3124; x_wconf 91' lang='lat' dir='ltr'><strong>et</strong></span> <span class='ocrx_word' id='word_1_210' title='bbox 1140 3061 1377 3143; x_wconf 91' lang='lat' dir='ltr'><strong>apparentibus</strong></span> <span class='ocrx_word' id='word_1_211' title='bbox 1399 3061 1515 3124; x_wconf 91' lang='lat' dir='ltr'><strong>mediis</strong></span> <span class='ocrx_word' id='word_1_212' title='bbox 1538 3062 1663 3143; x_wconf 88' lang='lat' dir='ltr'><strong>depau-</strong></span> 
     </span>
     <span class='ocr_line' id='line_1_23' title="bbox 302 3181 1662 3265; baseline -0.001 -20"><span class='ocrx_word' id='word_1_213' title='bbox 302 3203 427 3265; x_wconf 89' lang='lat' dir='ltr'><strong>perare,</strong></span> <span class='ocrx_word' id='word_1_214' title='bbox 454 3181 482 3244; x_wconf 93' lang='lat' dir='ltr'><strong>si</strong></span> <span class='ocrx_word' id='word_1_215' title='bbox 507 3181 595 3244; x_wconf 91' lang='lat' dir='ltr'><strong>enim</strong></span> <span class='ocrx_word' id='word_1_216' title='bbox 622 3182 765 3264; x_wconf 89' lang='lat' dir='ltr'><strong>pessime</strong></span> <span class='ocrx_word' id='word_1_217' title='bbox 792 3202 899 3263; x_wconf 89' lang='lat' dir='ltr'><strong>egero,</strong></span> <span class='ocrx_word' id='word_1_218' title='bbox 928 3201 986 3263; x_wconf 93' lang='lat' dir='ltr'><strong>per</strong></span> <span class='ocrx_word' id='word_1_219' title='bbox 1015 3181 1241 3245; x_wconf 88' lang='lat' dir='ltr'><strong>visitacionem</strong></span> <span class='ocrx_word' id='word_1_220' title='bbox 1265 3181 1341 3244; x_wconf 89' lang='lat' dir='ltr'><strong>talis</strong></span> <span class='ocrx_word' id='word_1_221' title='bbox 1368 3181 1515 3245; x_wconf 81' lang='lat' dir='ltr'><strong>ecclesiae</strong></span> <span class='ocrx_word' id='word_1_222' title='bbox 1542 3191 1576 3245; x_wconf 91' lang='lat' dir='ltr'><strong>et</strong></span> <span class='ocrx_word' id='word_1_223' title='bbox 1603 3202 1662 3264; x_wconf 90' lang='lat' dir='ltr'><strong>per</strong></span> 
     </span>
     <span class='ocr_line' id='line_1_24' title="bbox 303 3298 1661 3384; baseline -0.001 -18"><span class='ocrx_word' id='word_1_224' title='bbox 303 3302 511 3366; x_wconf 88' lang='lat' dir='ltr'><strong>oblacionem</strong></span> <span class='ocrx_word' id='word_1_225' title='bbox 538 3301 687 3383; x_wconf 84' lang='lat' dir='ltr'><strong>pecuniae</strong></span> <span class='ocrx_word' id='word_1_226' title='bbox 714 3301 896 3384; x_wconf 91' lang='lat' dir='ltr'><strong>plenariam</strong></span> <span class='ocrx_word' id='word_1_227' title='bbox 924 3303 1151 3366; x_wconf 89' lang='lat' dir='ltr'><strong>remissionem</strong></span> <span class='ocrx_word' id='word_1_228' title='bbox 1174 3301 1281 3383; x_wconf 87' lang='lat' dir='ltr'><strong>culpae</strong></span> <span class='ocrx_word' id='word_1_229' title='bbox 1304 3312 1338 3365; x_wconf 89' lang='lat' dir='ltr'><strong>et</strong></span> <span class='ocrx_word' id='word_1_230' title='bbox 1365 3322 1475 3384; x_wconf 86' lang='lat' dir='ltr'><strong>poenae</strong></span> <span class='ocrx_word' id='word_1_231' title='bbox 1498 3302 1629 3365; x_wconf 93' lang='lat' dir='ltr'><strong>habebo</strong></span> <span class='ocrx_word' id='word_1_232' title='bbox 1644 3298 1661 3364; x_wconf 91' lang='lat'><strong>!’</strong></span> 
     </span>
     <span class='ocr_line' id='line_1_25' title="bbox 305 3420 1662 3506; baseline -0.004 -16"><span class='ocrx_word' id='word_1_233' title='bbox 305 3423 336 3490; x_wconf 95' lang='grc' dir='ltr'>Ο</span> <span class='ocrx_word' id='word_1_234' title='bbox 364 3443 465 3505; x_wconf 90' lang='lat' dir='ltr'><strong>quam</strong></span> <span class='ocrx_word' id='word_1_235' title='bbox 492 3423 570 3486; x_wconf 87' lang='lat' dir='ltr'><strong>caeci</strong></span> <span class='ocrx_word' id='word_1_236' title='bbox 597 3431 675 3485; x_wconf 91' lang='lat' dir='ltr'><strong>sunt</strong></span> <span class='ocrx_word' id='word_1_237' title='bbox 702 3432 814 3486; x_wconf 90' lang='lat' dir='ltr'><strong>mente</strong></span> <span class='ocrx_word' id='word_1_238' title='bbox 841 3425 897 3506; x_wconf 95' lang='lat' dir='ltr'><strong>qui</strong></span> <span class='ocrx_word' id='word_1_239' title='bbox 922 3422 1003 3487; x_wconf 90' lang='lat' dir='ltr'><strong>talia</strong></span> <span class='ocrx_word' id='word_1_240' title='bbox 1029 3422 1112 3487; x_wconf 85' lang='lat' dir='ltr'><strong>falsa</strong></span> <span class='ocrx_word' id='word_1_241' title='bbox 1138 3420 1271 3486; x_wconf 91' lang='lat' dir='ltr'><strong>dicunt!</strong></span> <span class='ocrx_word' id='word_1_242' title='bbox 1319 3422 1499 3504; x_wconf 86' lang='lat' dir='ltr'><strong>Quomodo</strong></span> <span class='ocrx_word' id='word_1_243' title='bbox 1525 3421 1662 3485; x_wconf 91' lang='lat' dir='ltr'><strong>solvitur</strong></span> 
     </span>
    </p>
   </div>
   <div class='ocr_carea' id='block_1_5' title="bbox 301 3660 1662 4233">
    <p class='ocr_par' dir='ltr' id='par_1_5' title="bbox 301 3660 1662 4233">
     <span class='ocr_line' id='line_1_26' title="bbox 302 3660 1661 3748; baseline -0.004 -18"><span class='ocrx_word' id='word_1_244' title='bbox 302 3665 423 3748; x_wconf 91' lang='lat' dir='ltr'><strong>linquit</strong></span> <span class='ocrx_word' id='word_1_245' title='bbox 443 3665 619 3728; x_wconf 88' lang='lat' dir='ltr'><strong>commissa</strong></span> <span class='ocrx_word' id='word_1_246' title='bbox 641 3685 700 3727; x_wconf 92' lang='lat' dir='ltr'><strong>nec</strong></span> <span class='ocrx_word' id='word_1_247' title='bbox 720 3665 841 3729; x_wconf 86' lang='lat' dir='ltr'><strong>affectu</strong></span> <span class='ocrx_word' id='word_1_248' title='bbox 863 3686 923 3729; x_wconf 92' lang='lat' dir='ltr'><strong>nec</strong></span> <span class='ocrx_word' id='word_1_249' title='bbox 947 3665 1065 3730; x_wconf 84' lang='lat' dir='ltr'><strong>effectu</strong></span> <span class='ocrx_word' id='word_1_250' title='bbox 1082 3664 1161 3729; x_wconf 87' lang='lat' dir='ltr'><strong>facit</strong></span> <span class='ocrx_word' id='word_1_251' title='bbox 1181 3685 1282 3747; x_wconf 89' lang='lat' dir='ltr'><strong>opera</strong></span> <span class='ocrx_word' id='word_1_252' title='bbox 1297 3685 1406 3728; x_wconf 90' lang='lat' dir='ltr'><strong>coram</strong></span> <span class='ocrx_word' id='word_1_253' title='bbox 1424 3665 1499 3727; x_wconf 89' lang='lat' dir='ltr'><strong>Deo</strong></span> <span class='ocrx_word' id='word_1_254' title='bbox 1522 3660 1661 3726; x_wconf 88' lang='lat' dir='ltr'><strong>debita?</strong></span> 
     </span>
     <span class='ocr_line' id='line_1_27' title="bbox 303 3784 1662 3872; baseline -0.004 -20"><span class='ocrx_word' id='word_1_255' title='bbox 303 3788 371 3872; x_wconf 84' lang='lat' dir='ltr'><strong>Qui</strong></span> <span class='ocrx_word' id='word_1_256' title='bbox 394 3808 473 3870; x_wconf 87' lang='lat' dir='ltr'><strong>ergo</strong></span> <span class='ocrx_word' id='word_1_257' title='bbox 496 3787 621 3861; x_wconf 91' lang='lat' dir='ltr'><strong>dicunt,</strong></span> <span class='ocrx_word' id='word_1_258' title='bbox 646 3807 681 3848; x_wconf 90' lang='lat' dir='ltr'><strong>se</strong></span> <span class='ocrx_word' id='word_1_259' title='bbox 703 3787 774 3850; x_wconf 89' lang='lat' dir='ltr'><strong>sine</strong></span> <span class='ocrx_word' id='word_1_260' title='bbox 796 3787 952 3870; x_wconf 89' lang='lat' dir='ltr'><strong>operibus</strong></span> <span class='ocrx_word' id='word_1_261' title='bbox 972 3786 1138 3869; x_wconf 90' lang='lat' dir='ltr'><strong>requisitis</strong></span> <span class='ocrx_word' id='word_1_262' title='bbox 1163 3805 1273 3849; x_wconf 89' lang='lat' dir='ltr'><strong>coram</strong></span> <span class='ocrx_word' id='word_1_263' title='bbox 1290 3786 1365 3847; x_wconf 92' lang='lat' dir='ltr'><strong>Deo</strong></span> <span class='ocrx_word' id='word_1_264' title='bbox 1387 3784 1518 3847; x_wconf 88' lang='lat' dir='ltr'><strong>veniam</strong></span> <span class='ocrx_word' id='word_1_265' title='bbox 1541 3805 1562 3847; x_wconf 96' lang='lat' dir='ltr'><strong>a</strong></span> <span class='ocrx_word' id='word_1_266' title='bbox 1585 3784 1662 3847; x_wconf 93' lang='lat' dir='ltr'><strong>Deo</strong></span> 
     </span>
     <span class='ocr_line' id='line_1_28' title="bbox 301 3904 1661 3990; baseline -0.003 -16"><span class='ocrx_word' id='word_1_267' title='bbox 301 3910 434 3985; x_wconf 92' lang='lat' dir='ltr'><strong>habere,</strong></span> <span class='ocrx_word' id='word_1_268' title='bbox 449 3908 573 3972; x_wconf 88' lang='lat' dir='ltr'><strong>violant</strong></span> <span class='ocrx_word' id='word_1_269' title='bbox 597 3909 710 3972; x_wconf 93' lang='lat' dir='ltr'><strong>Deum</strong></span> <span class='ocrx_word' id='word_1_270' title='bbox 734 3909 767 3971; x_wconf 91' lang='lat' dir='ltr'><strong>in</strong></span> <span class='ocrx_word' id='word_1_271' title='bbox 790 3918 950 3990; x_wconf 90' lang='lat' dir='ltr'><strong>quantum</strong></span> <span class='ocrx_word' id='word_1_272' title='bbox 975 3909 1007 3971; x_wconf 94' lang='lat' dir='ltr'><strong>in</strong></span> <span class='ocrx_word' id='word_1_273' title='bbox 1032 3908 1110 3990; x_wconf 91' lang='lat' dir='ltr'><strong>ipsis</strong></span> <span class='ocrx_word' id='word_1_274' title='bbox 1134 3918 1193 3981; x_wconf 88' lang='lat' dir='ltr'><strong>est,</strong></span> <span class='ocrx_word' id='word_1_275' title='bbox 1210 3906 1288 3989; x_wconf 90' lang='lat' dir='ltr'><strong>quia</strong></span> <span class='ocrx_word' id='word_1_276' title='bbox 1310 3906 1424 3970; x_wconf 88' lang='lat' dir='ltr'><strong>dicunt</strong></span> <span class='ocrx_word' id='word_1_277' title='bbox 1443 3907 1554 3968; x_wconf 92' lang='lat' dir='ltr'><strong>Deum</strong></span> <span class='ocrx_word' id='word_1_278' title='bbox 1576 3904 1661 3970; x_wconf 91' lang='lat' dir='ltr'><strong>velle</strong></span> 
     </span>
     <span class='ocr_line' id='line_1_29' title="bbox 301 4026 1661 4112; baseline -0.004 -18"><span class='ocrx_word' id='word_1_279' title='bbox 301 4031 384 4094; x_wconf 93' lang='lat' dir='ltr'><strong>illud</strong></span> <span class='ocrx_word' id='word_1_280' title='bbox 408 4032 497 4112; x_wconf 95' lang='lat' dir='ltr'><strong>quod</strong></span> <span class='ocrx_word' id='word_1_281' title='bbox 521 4050 587 4092; x_wconf 96' lang='lat' dir='ltr'><strong>non</strong></span> <span class='ocrx_word' id='word_1_282' title='bbox 609 4029 689 4104; x_wconf 79' lang='lat' dir='ltr'><strong>vult,</strong></span> <span class='ocrx_word' id='word_1_283' title='bbox 712 4051 772 4094; x_wconf 92' lang='lat' dir='ltr'><strong>nec</strong></span> <span class='ocrx_word' id='word_1_284' title='bbox 796 4030 949 4093; x_wconf 91' lang='lat' dir='ltr'><strong>convenit</strong></span> <span class='ocrx_word' id='word_1_285' title='bbox 973 4029 1047 4092; x_wconf 90' lang='lat' dir='ltr'><strong>Deo</strong></span> <span class='ocrx_word' id='word_1_286' title='bbox 1070 4030 1116 4092; x_wconf 91' lang='lat' dir='ltr'><strong>sic</strong></span> <span class='ocrx_word' id='word_1_287' title='bbox 1139 4027 1233 4105; x_wconf 89' lang='lat' dir='ltr'><strong>velle,</strong></span> <span class='ocrx_word' id='word_1_288' title='bbox 1252 4036 1286 4090; x_wconf 89' lang='lat' dir='ltr'><strong>et</strong></span> <span class='ocrx_word' id='word_1_289' title='bbox 1309 4027 1423 4091; x_wconf 92' lang='lat' dir='ltr'><strong>dicunt</strong></span> <span class='ocrx_word' id='word_1_290' title='bbox 1448 4026 1558 4089; x_wconf 88' lang='lat' dir='ltr'><strong>Deum</strong></span> <span class='ocrx_word' id='word_1_291' title='bbox 1581 4027 1661 4089; x_wconf 89' lang='lat' dir='ltr'><strong>dare</strong></span> 
     </span>
     <span class='ocr_line' id='line_1_30' title="bbox 301 4147 1662 4233; baseline -0.004 -17"><span class='ocrx_word' id='word_1_292' title='bbox 301 4154 443 4226; x_wconf 89' lang='lat' dir='ltr'><strong>veniam,</strong></span> <span class='ocrx_word' id='word_1_293' title='bbox 465 4153 620 4233; x_wconf 85' lang='lat' dir='ltr'><strong>graciam,</strong></span> <span class='ocrx_word' id='word_1_294' title='bbox 645 4161 678 4215; x_wconf 94' lang='lat' dir='ltr'><strong>et</strong></span> <span class='ocrx_word' id='word_1_295' title='bbox 704 4151 845 4232; x_wconf 86' lang='lat' dir='ltr'><strong>gloriam</strong></span> <span class='ocrx_word' id='word_1_296' title='bbox 868 4171 928 4233; x_wconf 91' lang='lat' dir='ltr'><strong>per</strong></span> <span class='ocrx_word' id='word_1_297' title='bbox 954 4150 1033 4214; x_wconf 88' lang='lat' dir='ltr'><strong>talia</strong></span> <span class='ocrx_word' id='word_1_298' title='bbox 1061 4150 1170 4212; x_wconf 90' lang='lat' dir='ltr'><strong>media</strong></span> <span class='ocrx_word' id='word_1_299' title='bbox 1198 4170 1256 4230; x_wconf 92' lang='lat' dir='ltr'><strong>per</strong></span> <span class='ocrx_word' id='word_1_300' title='bbox 1282 4171 1357 4230; x_wconf 82' lang='lat' dir='ltr'><strong>quae</strong></span> <span class='ocrx_word' id='word_1_301' title='bbox 1386 4149 1494 4211; x_wconf 90' lang='lat' dir='ltr'><strong>media</strong></span> <span class='ocrx_word' id='word_1_302' title='bbox 1517 4149 1544 4209; x_wconf 91' lang='lat' dir='ltr'><strong>si</strong></span> <span class='ocrx_word' id='word_1_303' title='bbox 1568 4147 1662 4211; x_wconf 91' lang='lat' dir='ltr'><strong>Deus</strong></span> 
     </span>
    </p>
   </div>
   <div class='ocr_carea' id='block_1_6' title="bbox 302 4269 1661 4436">
    <p class='ocr_par' dir='ltr' id='par_1_6' title="bbox 302 4269 1661 4436">
     <span class='ocr_line' id='line_1_31' title="bbox 302 4269 1661 4354; baseline -0.005 -17"><span class='ocrx_word' id='word_1_304' title='bbox 302 4274 396 4337; x_wconf 91' lang='lat' dir='ltr'><strong>daret</strong></span> <span class='ocrx_word' id='word_1_305' title='bbox 421 4272 560 4354; x_wconf 91' lang='lat' dir='ltr'><strong>injustus</strong></span> <span class='ocrx_word' id='word_1_306' title='bbox 585 4282 618 4336; x_wconf 90' lang='lat' dir='ltr'><strong>et</strong></span> <span class='ocrx_word' id='word_1_307' title='bbox 639 4272 781 4338; x_wconf 85' lang='lat' dir='ltr'><strong>violatus</strong></span> <span class='ocrx_word' id='word_1_308' title='bbox 808 4282 902 4337; x_wconf 89' lang='lat' dir='ltr'><strong>esset.</strong></span> <span class='ocrx_word' id='word_1_309' title='bbox 950 4271 1052 4335; x_wconf 94' lang='lat' dir='ltr'><strong>Unde</strong></span> <span class='ocrx_word' id='word_1_310' title='bbox 1077 4272 1120 4335; x_wconf 90' lang='lat' dir='ltr'><strong>de</strong></span> <span class='ocrx_word' id='word_1_311' title='bbox 1138 4271 1260 4335; x_wconf 91' lang='lat' dir='ltr'><strong>talibus</strong></span> <span class='ocrx_word' id='word_1_312' title='bbox 1285 4270 1364 4334; x_wconf 91' lang='lat' dir='ltr'><strong>dicit</strong></span> <span class='ocrx_word' id='word_1_313' title='bbox 1386 4269 1559 4346; x_wconf 89' lang='lat' dir='ltr'><strong>Dominus,</strong></span> <span class='ocrx_word' id='word_1_314' title='bbox 1576 4269 1661 4330; x_wconf 91' lang='lat' dir='ltr'><strong>Eze-</strong></span> 
     </span>
     <span class='ocr_line' id='line_1_32' title="bbox 954 4389 1014 4436; baseline 0 0"><span class='ocrx_word' id='word_1_315' title='bbox 954 4389 978 4436; x_wconf 82' lang='lat' dir='ltr'>N</span> <span class='ocrx_word' id='word_1_316' title='bbox 997 4392 1014 4436; x_wconf 84' lang='lat'>2</span> 
     </span>
    </p>
   </div>
   <div class='ocr_carea' id='block_1_7' title="bbox 0 0 1914 4904">
    <p class='ocr_par' dir='ltr' id='par_1_7' title="bbox 0 0 1914 4904">
     <span class='ocr_line' id='line_1_33' title="bbox 0 0 1914 4904; baseline 0 2"><span class='ocrx_word' id='word_1_317' title='bbox 0 0 1914 4904; x_wconf 95' lang='lat' dir='ltr'><strong> </strong></span> 
     </span>
    </p>
   </div>
  </div>
 </body>
</html>
