3818 4904
694 418 898 473 ARTICULI
916 419 1134 474 NOBILIUM
1156 411 1248 488 1406.
1580 431 1641 496 229

296 644 407 700 catum
437 657 533 700 suum
564 636 721 720 magistro
747 637 916 701 Willelmo
946 638 1075 720 Kexby
1104 638 1338 720 penitenciario
1371 638 1513 704 Eboraci
1544 642 1644 705 confi·

294 765 430 833 teretur,
460 755 588 840 ‘Quia'
618 757 732 840 inquit,
762 758 919 840 ‘triginta
949 757 1043 822 annis
1073 757 1192 840 elapsis
1222 778 1282 841 per
1315 768 1382 823 tres
1412 759 1484 822 dies
1510 761 1644 827 insidias

296 878 419 958 parasti
445 878 488 941 ad
514 878 732 942 occidendum
759 877 861 942 talem
887 877 1076 952 hominem,‘
1102 887 1136 942 et
1165 878 1348 941 nominavit
1378 899 1561 960 personam,
1592 887 1644 948 ‘et

295 997 389 1079 quia,’
412 999 527 1082 inquit,
550 1003 669 1082 ‘opere
692 1020 758 1062 non
782 1000 987 1083 complevisti
1009 1009 1192 1081 peccatum,
1217 1019 1283 1062 non
1309 1019 1381 1063 esse
1406 1000 1586 1076 aestimasti,
1610 1015 1645 1070 et

295 1118 370 1182 ideo
401 1139 461 1184 nec
494 1141 571 1184 vere
605 1120 797 1202 poenituisti,
829 1141 889 1184 nec
919 1120 1086 1185 consessus
1116 1142 1170 1199 es;
1207 1121 1282 1184 ideo
1310 1119 1382 1201 jam
1412 1122 1580 1203 poenitere,
1610 1128 1648 1189 et'

295 1239 451 1303 confitere
482 1239 571 1318 illud,
592 1240 646 1304 vel
676 1237 930 1322 dampnaberis.’
976 1241 1061 1303 Haec
1087 1239 1175 1303 dixit
1205 1240 1294 1303 idem
1319 1239 1488 1321 Johannes
1513 1242 1644 1322 Sibsun,

296 1359 329 1422 in
358 1361 537 1442 praesencia
567 1359 717 1443 plurium,
748 1361 850 1424 sorori
882 1381 965 1424 meae
994 1360 1140 1424 dominae
1169 1359 1332 1441 Johannae
1363 1361 1463 1438 Roos,
1493 1362 1644 1444 Eboraci,

295 1480 380 1543 inter
402 1480 518 1544 iratres
545 1482 696 1546 minores.
744 1481 839 1559 Item,
866 1482 1022 1564 praecepit
1047 1483 1155 1546 eidem
1181 1482 1325 1563 Johanni
1352 1491 1389 1546 ut
1414 1482 1546 1550 offerret
1568 1506 1644 1550 can-

295 1602 406 1667 delam
420 1624 549 1667 ceream
565 1623 664 1687 super
683 1603 869 1686 sepulcrum
890 1603 971 1684 ejus,
987 1613 1021 1668 et
1041 1603 1131 1685 quod
1152 1611 1335 1686 asportaret
1353 1603 1442 1686 ligna
1463 1613 1497 1668 et
1516 1605 1644 1688 lapides

294 1745 369 1806 quae
394 1723 544 1787 homines
569 1745 669 1807 super
694 1724 881 1807 sepulcrum
904 1745 1000 1786 suum
1025 1733 1213 1807 posuerunt,
1237 1744 1278 1787 ne
1303 1724 1454 1788 homines
1478 1725 1523 1789 ibi
1547 1727 1644 1791 ofler-

295 1854 367 1908 rent
393 1865 455 1909 nec
480 1847 663 1921 adorarent,
692 1867 767 1929 quae
793 1846 882 1909 idem
908 1844 1077 1926 Johannes
1103 1865 1207 1908 senex
1236 1845 1417 1927 asportavit
1445 1846 1542 1925 solus,
1567 1848 1644 1912 licet

293 1965 427 2047 aliquod
454 1965 599 2048 ipsorum
621 1966 679 2029 vix
707 1975 773 2029 tres
797 1965 899 2030 fortes
924 1964 1075 2029 homines
1099 1964 1206 2028 levare
1230 1974 1429 2047 potuerunt;
1456 1986 1531 2047 quae
1553 1967 1645 2051 ligna

293 2086 383 2149 idem
409 2085 580 2167 Johannes
605 2087 787 2170 asportavit
814 2096 848 2151 et
878 2107 988 2150 coram
1018 2086 1115 2150 altari
1144 2086 1253 2149 beatae
1281 2087 1397 2150 Mariae
1422 2087 1568 2171 Virginis
1598 2090 1644 2154 ibi

294 2207 327 2271 in
351 2208 489 2272 ecclesia
505 2208 707 2273 Eboracensi
729 2208 895 2291 deposuit.
941 2208 987 2270 Et
1010 2218 1082 2272 tum
1105 2208 1213 2271 eidem
1229 2208 1372 2289 Johanni
1394 2211 1644 2291 quatuordecim

293 2329 419 2393 vicibus
452 2338 528 2411 post
558 2338 700 2394 mortem
727 2349 820 2393 suam
853 2330 1015 2412 apparuit,
1046 2329 1102 2410 qui
1135 2328 1270 2409 quidem
1300 2327 1509 2411 archipraesul
1539 2350 1644 2413 usque

293 2450 336 2514 ad
360 2462 501 2515 mortem
523 2451 615 2532 virgo
637 2450 826 2533 permansit,
849 2459 887 2514 ut
909 2470 968 2532 per
990 2448 1209 2514 consessorem
1232 2469 1328 2512 suum
1355 2447 1509 2513 ultimum
1531 2451 1643 2534 cogni·

294 2581 366 2635 tum
390 2571 460 2636 luit.

711 2776 946 2842 ARTICULI
971 2774 1223 2840 NOBILIUM.

791 2964 876 3028 ΜΒ]ΠΟ
898 2972 1009 3030 ccccm⁰
1031 2974 1138 3028 sexto.

379 3138 482 3202 Anno
513 3137 649 3202 Domini
684 3137 775 3215 1406,
806 3137 959 3201 dominus
990 3134 1152 3199 Henricus
1182 3134 1295 3217 Percy,
1330 3155 1442 3199 comes
1473 3134 1642 3199 Northan-

292 3260 463 3338 humbriae,
490 3269 523 3324 et
550 3260 750 3324 Edmundus
776 3260 971 3341 Mortymer‚
998 3257 1102 3334 miles,
1125 3256 1280 3320 dominus
1310 3257 1352 3320 de
1380 3256 1519 3321 Bardols
1540 3259 1642 3322 etde

293 3381 461 3463 Womiga‚
492 3381 692 3464 scripserunt
724 3381 851 3446 litteras
883 3390 1037 3464 patentes
1072 3379 1206 3444 cuilibet
1235 3399 1291 3442 eas
1321 3379 1480 3461 inspicere
1508 3379 1642 3458 volenti,

293 3503 501 3567 notificantes
531 3522 646 3566 causas
676 3511 811 3585 propter
834 3523 916 3585 quas
946 3523 1006 3566 rex
1038 3501 1203 3564 Henricus
1231 3499 1379 3582 Quartus
1406 3499 1502 3582 jussit
1530 3499 1641 3565 decol-

292 3623 351 3689 lari
387 3632 510 3687 sanctae
550 3623 718 3687 memoriae
759 3624 930 3687 dominum
969 3622 1149 3686 Ricardum
1188 3620 1320 3703 Scrope,
1358 3620 1641 3704 archiepiscopum

293 3744 452 3820 Eborum,
476 3764 564 3806 anno
587 3743 707 3807 divinae
739 3743 981 3807 Incamacionis
1012 3749 1084 3805 m¹¹²⁰
1113 3748 1203 3806 cccc⁰
1228 3747 1271 3815 v⁰,
1302 3751 1421 3806 octava
1457 3739 1512 3804 die
1541 3741 1641 3822 Junii.

292 3864 402 3928 Prima
428 3884 528 3928 causa
552 3864 621 3942 luit,
649 3865 727 3947 quia
751 3865 914 3930 consuluit
939 3864 1006 3946 regi
1029 3863 1073 3927 ad
1099 3861 1328 3945 poenitendum
1356 3861 1456 3925 etad
1481 3860 1641 3926 satisfaci-

292 3987 414 4050 endum
439 4006 500 4068 pro
525 3995 662 4069 peccato
685 4007 745 4049 suo
768 3997 883 4050 contra
906 4006 1019 4069 regem
1041 3985 1230 4048 Ricardum.
1275 3982 1446 4063 Juraverat
1470 3983 1557 4046 enim
1581 4004 1641 4047 rex

293 4107 458 4171 Henricus
484 4127 582 4189 super
611 4117 853 4172 sacramentum
879 4108 1022 4189 corporis
1046 4106 1117 4181 Xti,
1144 4106 1177 4167 in
1203 4103 1340 4168 castello
1366 4104 1408 4168 de
1435 4102 1557 4186 Fflynt,
1582 4123 1641 4186 per

291 4250 316 4291 x
339 4227 495 4293 millea'ria
518 4250 538 4292 a
560 4228 638 4293 villa
661 4231 704 4294 de
728 4229 899 4314 Cheestyr,
924 4229 1013 4310 quod
1037 4247 1205 4309 nunquam
1229 4224 1410 4301 rebellaret,
1436 4245 1496 4289 nec
1518 4224 1640 4307 deponi
