3818 4904
301 392 362 457 188
677 399 776 454 LOCI
801 400 830 452 E
859 400 981 454 LIBRO
1016 400 1275 455 VERJTATUM.

300 615 334 677 in
354 613 488 678 nomine
510 613 656 691 Domini,
671 635 749 677 vera
772 615 866 697 copia
889 614 1038 696 praedicti
1062 613 1135 676 libri
1157 614 1210 676 De
1233 614 1315 677 actis
1336 624 1369 677 et
1392 612 1495 696 gestis
1518 612 1550 675 in
1568 612 1656 677 Con-

300 733 376 798 cilio
400 755 493 799 sacro
517 734 701 797 Basiliensi.

387 863 429 930 [p.
452 863 524 928 500.]
569 852 792 917 Consimiliter
812 863 889 918 sunt
912 854 1051 917 diversae
1072 874 1181 917 causae
1203 874 1304 935 quare
1328 853 1474 936 episcopi
1498 854 1656 928 moderni,

302 983 337 1040 et
368 986 520 1051 rectores,
550 985 584 1037 et
617 975 736 1051 vicarii,
767 984 800 1038 et
831 974 978 1039 ecclesiae
1014 974 1200 1057 collegiatae
1233 994 1299 1036 non
1330 974 1545 1038 consenciunt
1575 973 1658 1038 alios

301 1096 481 1177 praedicare
503 1097 536 1158 in
557 1095 624 1157 suis
646 1094 811 1170 ecclesiis;
838 1113 862 1158 1.
886 1116 952 1159 una
975 1115 1074 1159 causa
1097 1105 1148 1158 est
1172 1116 1213 1157 ne
1235 1094 1376 1157 sciencia
1401 1095 1658 1176 praedicancium

301 1217 458 1281 ostendat
487 1216 577 1298 ipsos
612 1215 828 1298 praesidentes
858 1235 930 1278 esse
963 1216 1091 1291 inscios,
1123 1226 1157 1280 et
1186 1215 1384 1298 ignorantes,
1414 1215 1471 1296 qui
1506 1215 1659 1279 nesciunt

303 1339 350 1400 ita
372 1337 462 1419 loqui
484 1336 608 1420 populo
631 1337 714 1400 sicut
738 1336 800 1418 ipsi
820 1337 1060 1418 praedicatores.
1107 1353 1136 1399 2.
1160 1336 1258 1413 Item,
1277 1335 1342 1398 alia
1363 1355 1463 1398 causa
1486 1345 1546 1410 est,
1567 1337 1657 1418 quod

302 1457 498 1539 praedicacio
520 1457 668 1520 ostendit
690 1455 747 1519 illa
769 1477 872 1538 opera
892 1476 963 1519 esse
983 1456 1073 1519 bona
1095 1476 1170 1538 quae
1192 1456 1255 1537 ipsi
1278 1456 1405 1533 odiunt,
1422 1467 1456 1520 et
1479 1455 1536 1518 illa
1558 1477 1659 1538 opera

303 1597 377 1641 esse
408 1577 495 1640 mala
526 1597 601 1658 quae
631 1576 694 1658 ipsi
725 1596 785 1657 pro
814 1577 903 1638 bono
932 1576 1083 1658 diligunt,
1110 1586 1144 1639 et
1170 1577 1217 1639 sic
1247 1576 1429 1659 praedicant
1457 1586 1572 1639 contra
1602 1577 1659 1641 illa

302 1699 387 1762 vicia
409 1707 544 1780 propter
565 1717 640 1778 quae
663 1697 809 1778 episcopi
832 1705 867 1758 et
890 1697 992 1759 curati
1015 1698 1172 1760 odiuntur
1197 1717 1218 1759 a
1240 1696 1375 1779 populo.
1421 1716 1451 1779 3.
1473 1695 1571 1774 Item,
1594 1697 1659 1760 alia

302 1838 402 1882 causa
431 1828 491 1894 est,
523 1819 613 1899 quod
647 1817 843 1900 praedicacio
876 1818 1038 1881 convertit
1070 1840 1090 1880 a
1119 1819 1265 1901 peccatis
1295 1819 1449 1881 mulieres
1479 1838 1563 1899 quas
1597 1818 1659 1900 ipsi

303 1949 428 2014 tenent,
451 1948 485 2002 et
516 1939 592 2002 ideo
618 1939 735 2002 odiunt
762 1938 1017 2020 praedicaciones
1042 1940 1134 2003 tales.
1187 1940 1288 2004 Unde
1322 1960 1427 2021 nuper
1457 1940 1533 2002 novi
1567 1939 1659 2022 quod

303 2059 466 2123 sacerdoti
497 2060 622 2141 petenti
660 2058 871 2123 concubitum
902 2079 977 2122 cum
1013 2080 1074 2123 sua
1108 2061 1287 2137 meretrice,
1318 2060 1392 2142 ipsa
1426 2060 1659 2142 respondebat,

304 2179 383 2242 ‘Vae
413 2178 502 2255 mihi,
530 2180 609 2261 quia
638 2199 683 2241 ex
712 2199 872 2254 sermone,
900 2200 999 2261 quern
1025 2179 1126 2244 hodie
1152 2182 1271 2256 audivi,
1300 2183 1375 2244 novi
1402 2181 1492 2263 quod
1516 2181 1660 2262 graviter

303 2300 436 2382 peccavi
466 2309 586 2376 tecum,
617 2309 650 2362 et
680 2300 756 2362 ideo
787 2320 957 2381 nunquam
986 2309 1098 2365 tecum
1128 2302 1286 2384 deinceps
1316 2297 1499 2385 peccabo!'
1533 2311 1567 2365 et
1597 2301 1661 2365 iste

303 2421 456 2484 sacerdos
473 2420 563 2496 Baal,
584 2421 603 2482 i.
616 2441 644 2483 e.
662 2421 732 2483 sine
751 2421 833 2502 jugo
856 2421 1025 2498 castitatis,
1040 2421 1102 2486 hoc
1124 2423 1272 2498 audiens,
1285 2422 1418 2505 juravit,
1435 2422 1557 2496 dicens,
1581 2421 1659 2484 ‘Ex

303 2561 371 2623 quo
397 2540 593 2624 praedicacio
619 2541 759 2604 retraxit
782 2541 882 2603 hodie
908 2551 943 2605 te
967 2564 987 2605 a
1012 2563 1087 2606 meo
1111 2564 1232 2620 amore,
1258 2563 1427 2626 nunquam
1459 2543 1521 2606 erit
1551 2562 1660 2606 sermo

304 2660 337 2724 in
358 2662 420 2725 ista
436 2660 583 2736 ecclesia,
599 2662 757 2742 quamdiu
778 2680 841 2741 ego
856 2661 970 2724 vixero
992 2673 1025 2725 et
1041 2663 1201 2745 impedire
1216 2660 1363 2746 poter03’
1386 2673 1420 2726 et
1437 2671 1553 2745 postea
1570 2662 1660 2725 idem

304 2783 457 2845 sacerdos
481 2791 598 2863 captus
619 2790 670 2844 est
697 2791 730 2843 et
760 2791 922 2845 castratus
946 2803 1005 2864 per
1029 2784 1071 2864 vij
1098 2783 1258 2851 millearia
1283 2784 1326 2846 ab
1349 2783 1485 2848 Oxonia
1512 2784 1569 2846 ubi
1596 2785 1661 2846 ista

305 2902 432 2966 mulieri
455 2903 552 2966 dixit.

391 3033 430 3100 [p.
447 3032 515 3098 507]
562 3022 785 3086 Consimiliter
810 3023 890 3104 jam,
913 3043 1000 3087 anno
1031 3024 1167 3088 Domini
1194 3036 1277 3104 1450
1307 3034 1341 3088 et
1370 3033 1478 3095 antea,
1502 3025 1662 3088 dixerunt

304 3144 415 3226 plures
452 3143 520 3226 regi
557 3143 692 3226 Angliae
731 3145 877 3207 Henrico
909 3144 1026 3220 Sext0,
1064 3147 1154 3227 quod
1192 3147 1424 3228 praedicatores
1460 3145 1551 3209 verbi
1584 3146 1660 3220 Dei,

304 3265 422 3329 famosi
452 3266 485 3327 in
511 3264 695 3348 Theologia
720 3265 880 3344 doctores,
904 3287 962 3348 per
988 3268 1241 3347 praedicationes
1269 3288 1347 3330 suas
1376 3276 1491 3330 contra
1521 3278 1661 3349 peccata

304 3387 446 3469 puplica,
472 3387 504 3448 in
523 3407 636 3479 ¹regno
663 3395 698 3449 et
725 3387 757 3447 in
784 3386 922 3450 concilio
950 3389 1035 3468 regis
1060 3389 1190 3470 privato
1220 3389 1352 3465 usitata,
1376 3397 1515 3451 causant
1544 3397 1662 3450 contra

305 3528 416 3591 regem
442 3507 702 3570 insurrexionem
734 3507 766 3568 in
793 3507 926 3589 populo,
953 3518 986 3570 et
1012 3518 1085 3571 tum
1112 3507 1239 3589 injuriae
1265 3508 1417 3591 puplicae,
1441 3517 1475 3572 et
1501 3507 1662 3571 annuales

305 3637 406 3706 taxae,
432 3639 466 3692 et
495 3628 643 3703 decimae,
670 3638 703 3692 et
733 3627 892 3691 alienacio
918 3629 1091 3702 bonorum,
1121 3651 1196 3711 quae
1227 3650 1357 3692 coronae
1380 3629 1600 3710 pertinebant,
1627 3638 1662 3692 et

305 3749 454 3814 delectus
480 3747 594 3832 judicii
629 3768 687 3830 per
717 3747 845 3832 judices
875 3748 1021 3813 ecclesiae
1052 3760 1086 3813 et
1119 3749 1211 3831 regni
1247 3749 1378 3812 fuerunt
1409 3749 1455 3812 ita
1486 3748 1662 3812 manifesta

307 3880 340 3935 et
369 3879 439 3935 tam
471 3870 565 3953 plura
592 3871 624 3932 in
649 3891 794 3947 numero,
816 3871 915 3952 quod,
939 3871 966 3933 si
995 3870 1042 3933 illi
1071 3872 1305 3953 praedicatores
1335 3880 1444 3934 tacere
1469 3869 1661 3945 voluissent,

307 3989 473 4074 ‘lapides,’
505 3993 565 4056 i.e.
590 3992 769 4056 multitudo
799 3992 923 4075 populi,
953 3990 1188 4072 ‘clamassent,’
1221 4002 1259 4055 ut
1291 3993 1399 4074 inquit
1434 3991 1589 4056 Salvator
1618 3990 1662 4055 de

307 4112 375 4176 suis
404 4113 581 4196 discipulis,
612 4135 696 4196 quos
731 4114 875 4177 Pharisei
907 4115 1072 4196 optabant
1106 4125 1216 4179 tacere
1251 4135 1327 4177 curn
1357 4113 1491 4196 populo,
1522 4133 1566 4176 ne
1596 4112 1663 4176 cla-

308 4243 435 4298 marent
462 4235 540 4314 Xto,
572 4236 792 4301 ‘Benedictus
818 4237 873 4318 qui
904 4238 994 4300 venit
1025 4237 1057 4299 in
1088 4237 1221 4300 nomine
1249 4232 1421 4299 Domini!'
1467 4233 1513 4297 Et
1543 4234 1662 4298 horum
