3818 4904
280 403 341 463 124
653 365 751 450 locs
777 395 806 447 E
835 395 959 450 alano
994 397 1253 451 VERJTATUM.

279 616 350 669 tum
370 608 433 671 hoc
455 609 580 692 populo
601 609 818 686 manifestare,
837 619 870 672 et
892 609 1003 672 Deum
1024 608 1095 672 haec
1118 608 1317 673 concessisse
1339 606 1498 672 revelavit
1520 605 1630 669 eidem

281 749 377 811 papae
394 729 542 794 Urbano
585 731 675 794 Vero
695 729 916 812 cogitaciones
936 750 1012 792 suas
1032 730 1181 812 proprias
1201 739 1235 793 et
1254 737 1398 793 secretas
1419 749 1478 811 per
1496 727 1632 791 beatam

281 847 466 930 Brigittam‚
490 859 686 933 perpetuam
716 870 872 931 sponsam
897 850 966 925 Xti,
994 859 1027 913 et
1055 871 1129 932 quae
1157 861 1190 914 et
1217 850 1328 933 qualia
1356 849 1516 932 cogitavit
1541 849 1632 911 idem

281 989 379 1052 papa,
409 971 442 1033 in
469 971 603 1035 introitu
630 971 737 1035 beatae
765 970 915 1052 Brigittae
937 972 980 1033 ad
1007 992 1091 1050 eum,
1117 979 1151 1035 et
1177 972 1310 1054 qualem
1340 971 1555 1036 devocionem
1582 968 1633 1031 in-

282 1085 414 1150 solitam
441 1086 530 1151 idem
557 1108 644 1169 papa
669 1096 740 1149 tum
765 1085 880 1149 habuit
910 1088 943 1149 in
974 1096 1086 1152 mente
1115 1109 1183 1166 sua,
1209 1098 1242 1152 et
1269 1089 1416 1172 regulam
1446 1086 1570 1151 ordinis
1600 1095 1634 1149 et
1666 1078 1672 1089 ’

283 1207 448 1289 religionis
474 1206 654 1271 Salvatoris
678 1208 779 1270 nostri
805 1207 883 1288 Jesu
910 1208 971 1271 Xti
999 1208 1158 1272 dictatam
1181 1210 1224 1272 ab
1251 1209 1324 1291 ipso
1347 1209 1427 1285 Xto,
1450 1218 1484 1272 et
1511 1205 1633 1271 revela-

283 1337 354 1392 tam
379 1330 486 1392 beatae
510 1329 660 1410 Brigittae
686 1328 730 1391 de
755 1348 857 1409 regno
881 1327 1025 1433 Sweciae,
1047 1329 1080 1391 in
1109 1329 1163 1393 die
1186 1328 1300 1393 Sancti
1323 1328 1469 1394 Oswaldi
1494 1327 1579 1410 regis
1601 1337 1635 1390 et

285 1449 435 1527 martiris,
462 1460 494 1513 et
525 1449 686 1531 praecepit
711 1449 799 1512 Xtus
828 1451 936 1514 beatae
961 1449 1111 1531 Brigitta}
1142 1452 1231 1531 quod
1260 1451 1349 1533 prior
1378 1450 1496 1514 Petrus
1526 1449 1634 1523 Olavi‚

283 1570 407 1633 ordinis
427 1568 641 1648 Cicistrensis,
658 1570 714 1651 qui
732 1570 794 1633 suit
816 1589 900 1632 unus
920 1569 1144 1634 confessorum
1164 1570 1272 1634 beatae
1288 1569 1447 1654 Brigittae,
1467 1571 1634 1635 scriberet.

285 1691 332 1754 Et
354 1693 387 1753 in
411 1690 466 1754 illa
490 1690 603 1772 regula
626 1690 769 1755 revelata
791 1690 925 1755 Sanctae
948 1690 1097 1772 Brigittae
1120 1692 1153 1753 in
1173 1688 1292 1755 Castro
1306 1691 1453 1767 Wasten,
1477 1691 1510 1754 in
1534 1712 1635 1774 regno

285 1809 430 1890 Sweciae‚
453 1811 669 1894 Lincopensis
691 1811 839 1890 diocesis,
863 1811 1007 1894 capitulo
1031 1811 1304 1894 quinquagesimo
1326 1823 1452 1894 quarto,
1474 1812 1634 1887 scribitur,

278 1936 291 1992 .‘
301 1933 392 2014 quod
413 1932 511 2013 Jesus
533 1933 622 1996 Xtus
646 1930 799 1995 Salvator
821 1943 933 1996 noster
953 1935 1113 1997 concessit
1137 1931 1184 1995 illi
1208 1933 1354 2014 religioni
1381 1933 1495 2016 Sancti
1520 1931 1636 1997 Salva·

283 2054 364 2116 toris
393 2053 465 2116 illas
495 2052 727 2135 indulgencias,
755 2073 829 2134 quae
859 2062 935 2116 sunt
960 2053 1080 2117 Romae
1109 2054 1142 2115 in
1168 2052 1306 2117 ecclesia
1333 2052 1446 2118 Sancti
1474 2054 1562 2118 Petri
1591 2055 1635 2118 ad

283 2175 424 2239 Vincula
434 2171 453 2250 ;’
477 2174 549 2237 haec
576 2183 693 2257 patent
717 2176 749 2237 in
775 2195 897 2257 magno
924 2173 1008 2238 libro
1030 2175 1083 2239 De
1104 2174 1203 2238 beata
1230 2174 1380 2256 Brigitta,
1406 2175 1506 2238 vidua
1531 2195 1637 2257 quon-

284 2297 372 2375 dam,
387 2316 427 2360 ac
447 2295 639 2377 principissa
655 2295 688 2357 N
691 2295 797 2358 ericiae
817 2296 849 2358 in
866 2315 968 2377 regno
984 2293 1128 2373 Sweciae,
1144 2296 1200 2377 qui
1220 2294 1302 2358 liber
1320 2305 1369 2359 est
1388 2295 1421 2358 in
1438 2295 1637 2359 monasterio

284 2415 378 2498 Syon
400 2416 433 2479 in
456 2415 583 2498 Anglia
606 2416 729 2479 ordinis
754 2415 867 2481 Sancti
895 2414 1085 2494 Salvatoris,
1109 2424 1143 2478 et
1165 2415 1237 2479 haec
1264 2426 1381 2498 patent
1405 2417 1438 2480 in
1462 2416 1520 2479 illo
1542 2416 1637 2495 libr0,

284 2537 460 2620 columpna
484 2538 726 2601 sexcentesima
751 2537 959 2620 sexagesima
984 2536 1138 2600 secunda.
1185 2535 1280 2600 Mille
1306 2536 1393 2600 enim
1421 2544 1455 2599 et
1480 2536 1637 2601 ducentae

283 2671 318 2724 et
347 2661 423 2722 duae
453 2657 638 2740 columpnae
673 2666 749 2722 sunt
779 2659 812 2721 in
843 2657 900 2720 illo
934 2677 1054 2738 magno
1084 2656 1168 2721 libro
1200 2658 1242 2720 de
1272 2656 1399 2721 Sancta
1428 2657 1569 2740 Brigitta
1603 2658 1638 2721 in

285 2780 486 2845 monasterio
510 2778 613 2862 Syon,
640 2778 872 2842 Londonensis
898 2780 1038 2843 diocesis
1065 2780 1097 2842 in
1120 2762 1273 2860 Anglia(
1302 2778 1333 2843 Ο
1355 2779 1455 2841 beata
1479 2775 1637 2860 Brigitta!

285 2903 386 2966 decus
409 2901 578 2984 Osgosiae!
603 2902 621 2963 i.
636 2923 663 2963 e.
688 2899 855 2964 orientalis
879 2899 1007 2975 Gothae‚
1031 2900 1064 2961 in
1088 2920 1189 2982 regno
1213 2898 1357 2976 Sweciae,
1380 2920 1436 2962 ora
1459 2919 1519 2980 pro
1542 2899 1638 2961 nobis

285 3024 328 3087 ad
352 3022 473 3097 Deum,
497 3022 552 3104 qui
573 3031 608 3085 te
632 3022 741 3103 elegit,
763 3031 799 3084 ut
822 3021 913 3103 digni
937 3021 1117 3084 efficiamur
1138 3020 1246 3102 gracia
1268 3020 1348 3095 Xti;
1372 3029 1404 3082 et
1427 3019 1497 3083 haec
1521 3029 1638 3100 patent

284 3147 318 3208 in
344 3143 457 3226 regula
481 3143 624 3207 revelata
648 3164 707 3226 per
728 3144 834 3207 Xtum
861 3145 967 3208 beatae
995 3142 1145 3225 Brigittae
1167 3142 1277 3205 viduae
1302 3141 1446 3224 capitulo
1474 3140 1639 3222 quinqua-

284 3270 411 3353 gesimo
434 3276 480 3348 4⁰.
535 3268 664 3350 Regula
693 3268 888 3332 confirmata
918 3277 968 3331 est
998 3268 1062 3345 illa,
1092 3288 1192 3349 quam
1217 3267 1373 3331 Urbanus
1397 3266 1531 3347 quintus
1561 3284 1639 3329 con·

285 3390 444 3467 firmavit3
461 3388 656 3473 loquebatur
675 3391 762 3452 enim
781 3392 899 3453 eadem
916 3387 1041 3453 Sancta
1057 3388 1199 3469 Brigitta
1216 3407 1292 3450 cum
1310 3406 1397 3469 papa
1413 3383 1579 3449 Clementi
1591 3385 1640 3468 vj⁰

284 3515 317 3576 in
346 3513 463 3590 Roma,
488 3522 521 3576 et
551 3532 625 3575 cum
650 3512 790 3576 Urbano
810 3509 853 3591 5⁰,
881 3521 915 3574 et
942 3531 1017 3574 cum
1046 3508 1204 3592 Gregorio
1225 3507 1286 3590 xj0,
1311 3510 1344 3571 in
1368 3507 1462 3589 cujus
1488 3518 1639 3591 tempore

284 3633 404 3697 Romae
426 3633 516 3712 obiit,
540 3642 574 3696 et
598 3654 673 3697 ossa
695 3632 775 3714 ejus,
796 3633 841 3696 ibi
864 3617 995 3716 s'epulta
1018 3632 1135 3695 eodem
1159 3651 1248 3695 anno
1270 3630 1420 3707 naturali,
1443 3632 1477 3693 in
1500 3649 1638 3712 regnum
1673 3640 1676 3647 '

284 3753 418 3819 Sweciae
448 3763 579 3836 portata
615 3755 745 3819 fuerunt
775 3755 818 3817 ad
855 3754 1090 3817 monasterium
1120 3752 1322 3817 beatissimae
1358 3752 1474 3817 Mariae
1508 3771 1641 3834 semper

282 3868 427 3957 Virginis
450 3876 483 3938 in
505 3874 654 3939 Wasten.

370 4001 404 4067 [p.
420 4002 488 4065 606]
526 3999 759 4068 Indulgenoiae
786 4001 921 4056 abusus.
967 3990 1070 4054 Anno
1094 3991 1229 4054 Domini
1253 4006 1343 4068 1440,
1366 3989 1444 4052 iecit
1468 3986 1640 4070 Eugenius

283 4132 370 4194 papa
404 4123 541 4194 quartus
574 4113 799 4197 indulgencias
833 4133 973 4197 magnas
1002 4133 1062 4196 per
1093 4112 1206 4175 omnia
1235 4131 1336 4193 regna
1367 4110 1570 4186 Xtianitatis,
1603 4117 1640 4172 et

282 4234 436 4298 collector
459 4257 555 4318 papae
580 4237 613 4300 in
638 4235 765 4318 Anglia
791 4244 963 4318 protunc,
990 4233 1045 4315 qui
1069 4242 1142 4297 tum
1169 4232 1323 4314 pecunias
1349 4231 1472 4311 recepit
1497 4250 1558 4312 pro
1582 4228 1636 4293 lit·
