<?xml version="1.0" encoding="UTF-8"?>
<!DOCTYPE html PUBLIC "-//W3C//DTD XHTML 1.0 Transitional//EN"
    "http://www.w3.org/TR/xhtml1/DTD/xhtml1-transitional.dtd">
<html xmlns="http://www.w3.org/1999/xhtml" xml:lang="en" lang="en">
 <head>
  <title>
</title>
<meta http-equiv="Content-Type" content="text/html;charset=utf-8" />
  <meta name='ocr-system' content='tesseract 3.04.00' />
  <meta name='ocr-capabilities' content='ocr_page ocr_carea ocr_par ocr_line ocrx_word'/>
</head>
<body>
  <div class='ocr_page' id='page_1' title='image "./locielibroverit00gascgoog/locielibroverit00gascgoog_0146.png"; bbox 0 0 3818 4904; ppageno 0'>
   <div class='ocr_carea' id='block_1_1' title="bbox 643 439 1618 509">
    <p class='ocr_par' dir='ltr' id='par_1_1' title="bbox 643 439 1618 509">
     <span class='ocr_line' id='line_1_1' title="bbox 643 439 1618 509; baseline -0.003 -14"><span class='ocrx_word' id='word_1_1' title='bbox 643 440 742 495; x_wconf 86' lang='lat' dir='ltr'><em>LOCI</em></span> <span class='ocrx_word' id='word_1_2' title='bbox 767 439 797 493; x_wconf 88' lang='lat' dir='ltr'><em>E</em></span> <span class='ocrx_word' id='word_1_3' title='bbox 825 439 949 495; x_wconf 88' lang='lat' dir='ltr'><em>LIBRO</em></span> <span class='ocrx_word' id='word_1_4' title='bbox 985 439 1242 494; x_wconf 82' lang='lat' dir='ltr'><em>VERITATUM.</em></span> <span class='ocrx_word' id='word_1_5' title='bbox 1576 441 1618 509; x_wconf 87' lang='lat'>45</span> 
     </span>
    </p>
   </div>
   <div class='ocr_carea' id='block_1_2' title="bbox 269 650 1624 4105">
    <p class='ocr_par' dir='ltr' id='par_1_2' title="bbox 269 650 1617 839">
     <span class='ocr_line' id='line_1_2' title="bbox 270 650 1617 738; baseline -0.001 -22"><span class='ocrx_word' id='word_1_6' title='bbox 270 661 425 729; x_wconf 89' lang='lat' dir='ltr'>nostram,</span> <span class='ocrx_word' id='word_1_7' title='bbox 451 662 484 716; x_wconf 90' lang='lat' dir='ltr'>et</span> <span class='ocrx_word' id='word_1_8' title='bbox 514 662 586 716; x_wconf 92' lang='lat' dir='ltr'>tum</span> <span class='ocrx_word' id='word_1_9' title='bbox 618 654 680 716; x_wconf 91' lang='lat' dir='ltr'>iste</span> <span class='ocrx_word' id='word_1_10' title='bbox 710 655 882 738; x_wconf 91' lang='lat' dir='ltr'>episcopus</span> <span class='ocrx_word' id='word_1_11' title='bbox 910 654 990 718; x_wconf 93' lang='lat' dir='ltr'>dicit</span> <span class='ocrx_word' id='word_1_12' title='bbox 1013 655 1101 737; x_wconf 96' lang='lat' dir='ltr'>quod</span> <span class='ocrx_word' id='word_1_13' title='bbox 1126 674 1191 717; x_wconf 92' lang='lat' dir='ltr'>non</span> <span class='ocrx_word' id='word_1_14' title='bbox 1214 661 1367 716; x_wconf 89' lang='lat' dir='ltr'>tenentur</span> <span class='ocrx_word' id='word_1_15' title='bbox 1399 652 1541 734; x_wconf 88' lang='lat' dir='ltr'><strong>episcopi</strong></span> <span class='ocrx_word' id='word_1_16' title='bbox 1574 650 1617 715; x_wconf 88' lang='lat' dir='ltr'>ad</span> 
     </span>
     <span class='ocr_line' id='line_1_3' title="bbox 269 773 795 839; baseline 0.006 -3"><span class='ocrx_word' id='word_1_17' title='bbox 269 773 456 837; x_wconf 92' lang='lat' dir='ltr'>docendum</span> <span class='ocrx_word' id='word_1_18' title='bbox 481 793 574 837; x_wconf 89' lang='lat' dir='ltr'>suam</span> <span class='ocrx_word' id='word_1_19' title='bbox 599 774 795 839; x_wconf 84' lang='lat' dir='ltr'>diocesimt&#39;</span> 
     </span>
    </p>

    <p class='ocr_par' dir='ltr' id='par_1_3' title="bbox 269 893 1621 2782">
     <span class='ocr_line' id='line_1_4' title="bbox 357 893 1618 978; baseline -0.001 -24"><span class='ocrx_word' id='word_1_20' title='bbox 357 902 390 970; x_wconf 83' lang='lat' dir='ltr'>[p</span> <span class='ocrx_word' id='word_1_21' title='bbox 412 901 483 968; x_wconf 63' lang='grc' dir='ltr'>μα]</span> <span class='ocrx_word' id='word_1_22' title='bbox 529 895 765 977; x_wconf 87' lang='lat' dir='ltr'>Unusquisque</span> <span class='ocrx_word' id='word_1_23' title='bbox 787 905 898 978; x_wconf 90' lang='lat' dir='ltr'>potest</span> <span class='ocrx_word' id='word_1_24' title='bbox 917 895 1037 971; x_wconf 90' lang='lat' dir='ltr'>videre,</span> <span class='ocrx_word' id='word_1_25' title='bbox 1053 894 1141 976; x_wconf 92' lang='lat' dir='ltr'>quod</span> <span class='ocrx_word' id='word_1_26' title='bbox 1164 893 1281 957; x_wconf 93' lang='lat' dir='ltr'>melius</span> <span class='ocrx_word' id='word_1_27' title='bbox 1299 904 1349 958; x_wconf 92' lang='lat' dir='ltr'>est</span> <span class='ocrx_word' id='word_1_28' title='bbox 1370 894 1459 975; x_wconf 93' lang='lat' dir='ltr'>quod</span> <span class='ocrx_word' id='word_1_29' title='bbox 1481 893 1618 957; x_wconf 85' lang='lat' dir='ltr'>diversae</span> 
     </span>
     <span class='ocr_line' id='line_1_5' title="bbox 270 1012 1619 1099; baseline -0.003 -20"><span class='ocrx_word' id='word_1_30' title='bbox 270 1016 416 1079; x_wconf 85' lang='lat' dir='ltr'>ecclesiae</span> <span class='ocrx_word' id='word_1_31' title='bbox 431 1015 577 1080; x_wconf 85' lang='lat' dir='ltr'>habeant</span> <span class='ocrx_word' id='word_1_32' title='bbox 593 1017 739 1080; x_wconf 91' lang='lat' dir='ltr'>diversos</span> <span class='ocrx_word' id='word_1_33' title='bbox 755 1019 926 1099; x_wconf 93' lang='lat' dir='ltr'>episcopos</span> <span class='ocrx_word' id='word_1_34' title='bbox 947 1028 980 1080; x_wconf 90' lang='lat' dir='ltr'>et</span> <span class='ocrx_word' id='word_1_35' title='bbox 1002 1025 1150 1094; x_wconf 91' lang='lat' dir='ltr'>rectores,</span> <span class='ocrx_word' id='word_1_36' title='bbox 1170 1037 1269 1098; x_wconf 91' lang='lat' dir='ltr'>quam</span> <span class='ocrx_word' id='word_1_37' title='bbox 1285 1017 1430 1080; x_wconf 90' lang='lat' dir='ltr'>diversas</span> <span class='ocrx_word' id='word_1_38' title='bbox 1449 1012 1619 1097; x_wconf 84' lang='lat' dir='ltr'>parochias</span> 
     </span>
     <span class='ocr_line' id='line_1_6' title="bbox 270 1136 1618 1220; baseline -0.001 -22"><span class='ocrx_word' id='word_1_39' title='bbox 270 1136 392 1199; x_wconf 90' lang='lat' dir='ltr'>habere</span> <span class='ocrx_word' id='word_1_40' title='bbox 415 1155 516 1198; x_wconf 93' lang='lat' dir='ltr'>unum</span> <span class='ocrx_word' id='word_1_41' title='bbox 540 1145 720 1215; x_wconf 88' lang='lat' dir='ltr'>rectorem·;</span> <span class='ocrx_word' id='word_1_42' title='bbox 751 1147 787 1201; x_wconf 99' lang='lat' dir='ltr'>ut</span> <span class='ocrx_word' id='word_1_43' title='bbox 811 1136 920 1220; x_wconf 90' lang='lat' dir='ltr'>plures</span> <span class='ocrx_word' id='word_1_44' title='bbox 945 1136 1093 1219; x_wconf 81' lang='lat' dir='ltr'>magistri</span> <span class='ocrx_word' id='word_1_45' title='bbox 1120 1138 1313 1218; x_wconf 94' lang='lat' dir='ltr'>impositum</span> <span class='ocrx_word' id='word_1_46' title='bbox 1339 1137 1401 1200; x_wconf 88' lang='lat' dir='ltr'>sibi</span> <span class='ocrx_word' id='word_1_47' title='bbox 1424 1156 1508 1199; x_wconf 91' lang='lat' dir='ltr'>onus</span> <span class='ocrx_word' id='word_1_48' title='bbox 1532 1154 1618 1198; x_wconf 84' lang='lat' dir='ltr'>curae</span> 
     </span>
     <span class='ocr_line' id='line_1_7' title="bbox 271 1255 1618 1340; baseline -0.001 -22"><span class='ocrx_word' id='word_1_49' title='bbox 271 1256 448 1339; x_wconf 91' lang='lat' dir='ltr'>spiritualis</span> <span class='ocrx_word' id='word_1_50' title='bbox 469 1255 553 1320; x_wconf 83' lang='lat' dir='ltr'>ferre</span> <span class='ocrx_word' id='word_1_51' title='bbox 566 1255 692 1319; x_wconf 85' lang='lat' dir='ltr'>facilius</span> <span class='ocrx_word' id='word_1_52' title='bbox 714 1266 749 1321; x_wconf 92' lang='lat' dir='ltr'>et</span> <span class='ocrx_word' id='word_1_53' title='bbox 771 1258 903 1321; x_wconf 90' lang='lat' dir='ltr'>liberius</span> <span class='ocrx_word' id='word_1_54' title='bbox 926 1260 1061 1340; x_wconf 87' lang='lat' dir='ltr'>possint,</span> <span class='ocrx_word' id='word_1_55' title='bbox 1079 1258 1162 1321; x_wconf 91' lang='lat' dir='ltr'>sicut</span> <span class='ocrx_word' id='word_1_56' title='bbox 1183 1259 1320 1340; x_wconf 88' lang='lat' dir='ltr'>Moyses</span> <span class='ocrx_word' id='word_1_57' title='bbox 1338 1258 1449 1322; x_wconf 89' lang='lat' dir='ltr'>divisit</span> <span class='ocrx_word' id='word_1_58' title='bbox 1472 1257 1618 1339; x_wconf 85' lang='lat' dir='ltr'>regimen</span> 
     </span>
     <span class='ocr_line' id='line_1_8' title="bbox 271 1375 1618 1459; baseline 0 -20"><span class='ocrx_word' id='word_1_59' title='bbox 271 1375 383 1459; x_wconf 92' lang='lat' dir='ltr'>populi</span> <span class='ocrx_word' id='word_1_60' title='bbox 409 1377 506 1439; x_wconf 58' lang='lat' dir='ltr'>interv</span> <span class='ocrx_word' id='word_1_61' title='bbox 523 1375 633 1458; x_wconf 90' lang='lat' dir='ltr'>plures</span> <span class='ocrx_word' id='word_1_62' title='bbox 660 1377 833 1459; x_wconf 85' lang='lat' dir='ltr'>magistros</span> <span class='ocrx_word' id='word_1_63' title='bbox 858 1379 1025 1456; x_wconf 88' lang='lat' dir='ltr'>discretos,</span> <span class='ocrx_word' id='word_1_64' title='bbox 1052 1399 1097 1443; x_wconf 92' lang='lat' dir='ltr'>sc.</span> <span class='ocrx_word' id='word_1_65' title='bbox 1125 1391 1186 1458; x_wconf 88' lang='lat'>70:</span> <span class='ocrx_word' id='word_1_66' title='bbox 1220 1377 1333 1442; x_wconf 89' lang='lat' dir='ltr'>Exodi</span> <span class='ocrx_word' id='word_1_67' title='bbox 1363 1377 1420 1457; x_wconf 82' lang='lat'>183</span> <span class='ocrx_word' id='word_1_68' title='bbox 1453 1386 1486 1442; x_wconf 92' lang='lat' dir='ltr'>et</span> <span class='ocrx_word' id='word_1_69' title='bbox 1503 1377 1618 1440; x_wconf 89' lang='lat' dir='ltr'>eciam</span> 
     </span>
     <span class='ocr_line' id='line_1_9' title="bbox 270 1495 1616 1581; baseline 0 -22"><span class='ocrx_word' id='word_1_70' title='bbox 270 1506 404 1560; x_wconf 88' lang='lat' dir='ltr'>sanctus</span> <span class='ocrx_word' id='word_1_71' title='bbox 426 1516 513 1578; x_wconf 90' lang='lat' dir='ltr'>papa</span> <span class='ocrx_word' id='word_1_72' title='bbox 536 1495 713 1579; x_wconf 87' lang='lat' dir='ltr'>Gregorius</span> <span class='ocrx_word' id='word_1_73' title='bbox 737 1498 900 1561; x_wconf 91' lang='lat' dir='ltr'>ordinavit</span> <span class='ocrx_word' id='word_1_74' title='bbox 927 1497 988 1562; x_wconf 89' lang='lat' dir='ltr'>hac</span> <span class='ocrx_word' id='word_1_75' title='bbox 1013 1499 1056 1561; x_wconf 91' lang='lat' dir='ltr'>de</span> <span class='ocrx_word' id='word_1_76' title='bbox 1078 1519 1177 1563; x_wconf 89' lang='lat' dir='ltr'>causa</span> <span class='ocrx_word' id='word_1_77' title='bbox 1203 1509 1239 1562; x_wconf 91' lang='lat' dir='ltr'>ut</span> <span class='ocrx_word' id='word_1_78' title='bbox 1267 1498 1313 1580; x_wconf 85' lang='lat' dir='ltr'>xij</span> <span class='ocrx_word' id='word_1_79' title='bbox 1342 1498 1487 1581; x_wconf 89' lang='lat' dir='ltr'>episcopi</span> <span class='ocrx_word' id='word_1_80' title='bbox 1512 1508 1546 1563; x_wconf 92' lang='lat' dir='ltr'>et</span> <span class='ocrx_word' id='word_1_81' title='bbox 1570 1497 1616 1579; x_wconf 90' lang='lat' dir='ltr'>xij</span> 
     </span>
     <span class='ocr_line' id='line_1_10' title="bbox 271 1616 1619 1701; baseline 0.004 -23"><span class='ocrx_word' id='word_1_82' title='bbox 271 1616 419 1680; x_wconf 90' lang='lat' dir='ltr'>dioceses</span> <span class='ocrx_word' id='word_1_83' title='bbox 444 1625 553 1679; x_wconf 91' lang='lat' dir='ltr'>essent</span> <span class='ocrx_word' id='word_1_84' title='bbox 578 1616 632 1679; x_wconf 92' lang='lat' dir='ltr'>ubi</span> <span class='ocrx_word' id='word_1_85' title='bbox 656 1616 726 1698; x_wconf 89' lang='lat' dir='ltr'>jam</span> <span class='ocrx_word' id='word_1_86' title='bbox 754 1627 894 1681; x_wconf 91' lang='lat' dir='ltr'>nonest</span> <span class='ocrx_word' id='word_1_87' title='bbox 918 1618 978 1681; x_wconf 89' lang='lat' dir='ltr'>nisi</span> <span class='ocrx_word' id='word_1_88' title='bbox 1006 1638 1091 1682; x_wconf 93' lang='lat' dir='ltr'>unus</span> <span class='ocrx_word' id='word_1_89' title='bbox 1117 1620 1289 1701; x_wconf 91' lang='lat' dir='ltr'>episcopus</span> <span class='ocrx_word' id='word_1_90' title='bbox 1315 1628 1350 1683; x_wconf 91' lang='lat' dir='ltr'>et</span> <span class='ocrx_word' id='word_1_91' title='bbox 1374 1640 1439 1682; x_wconf 90' lang='lat' dir='ltr'>una</span> <span class='ocrx_word' id='word_1_92' title='bbox 1469 1618 1619 1683; x_wconf 87' lang='lat' dir='ltr'>diocesis.</span> 
     </span>
     <span class='ocr_line' id='line_1_11' title="bbox 273 1735 1619 1822; baseline 0.001 -22"><span class='ocrx_word' id='word_1_93' title='bbox 273 1736 357 1800; x_wconf 90' lang='lat' dir='ltr'>Haec</span> <span class='ocrx_word' id='word_1_94' title='bbox 375 1735 517 1801; x_wconf 90' lang='lat' dir='ltr'>Sanctus</span> <span class='ocrx_word' id='word_1_95' title='bbox 533 1736 633 1813; x_wconf 88' lang='lat' dir='ltr'>Beda,</span> <span class='ocrx_word' id='word_1_96' title='bbox 650 1738 765 1800; x_wconf 92' lang='lat' dir='ltr'>doctor</span> <span class='ocrx_word' id='word_1_97' title='bbox 780 1736 976 1820; x_wconf 84' lang='lat' dir='ltr'>Anglorum,</span> <span class='ocrx_word' id='word_1_98' title='bbox 993 1740 1025 1801; x_wconf 95' lang='lat' dir='ltr'>in</span> <span class='ocrx_word' id='word_1_99' title='bbox 1049 1740 1188 1821; x_wconf 90' lang='lat' dir='ltr'>epistola</span> <span class='ocrx_word' id='word_1_100' title='bbox 1210 1759 1270 1802; x_wconf 90' lang='lat' dir='ltr'>sua</span> <span class='ocrx_word' id='word_1_101' title='bbox 1286 1737 1434 1821; x_wconf 84' lang='lat' dir='ltr'>Egberto</span> <span class='ocrx_word' id='word_1_102' title='bbox 1452 1739 1619 1822; x_wconf 89' lang='lat' dir='ltr'>Episcopo</span> 
     </span>
     <span class='ocr_line' id='line_1_12' title="bbox 272 1854 1619 1939; baseline 0.003 -21"><span class='ocrx_word' id='word_1_103' title='bbox 272 1855 511 1931; x_wconf 79' lang='lat' dir='ltr'>Lindisfarniae,</span> <span class='ocrx_word' id='word_1_104' title='bbox 535 1854 678 1938; x_wconf 87' lang='lat' dir='ltr'>Anglice</span> <span class='ocrx_word' id='word_1_105' title='bbox 703 1856 902 1939; x_wconf 89' lang='lat' dir='ltr'>Holyeland,</span> <span class='ocrx_word' id='word_1_106' title='bbox 926 1860 984 1922; x_wconf 83' lang='lat' dir='ltr'>ie.</span> <span class='ocrx_word' id='word_1_107' title='bbox 1011 1879 1104 1923; x_wconf 91' lang='lat' dir='ltr'>sacra</span> <span class='ocrx_word' id='word_1_108' title='bbox 1129 1859 1244 1936; x_wconf 89' lang='lat' dir='ltr'>insula,</span> <span class='ocrx_word' id='word_1_109' title='bbox 1269 1868 1303 1922; x_wconf 92' lang='lat' dir='ltr'>et</span> <span class='ocrx_word' id='word_1_110' title='bbox 1326 1859 1496 1923; x_wconf 91' lang='lat' dir='ltr'>consimile</span> <span class='ocrx_word' id='word_1_111' title='bbox 1518 1857 1619 1922; x_wconf 90' lang='lat' dir='ltr'>habet</span> 
     </span>
     <span class='ocr_line' id='line_1_13' title="bbox 271 1975 1620 2062; baseline 0.001 -22"><span class='ocrx_word' id='word_1_112' title='bbox 271 1976 355 2041; x_wconf 94' lang='lat' dir='ltr'>libro</span> <span class='ocrx_word' id='word_1_113' title='bbox 375 1977 482 2058; x_wconf 91' lang='lat' dir='ltr'>primo</span> <span class='ocrx_word' id='word_1_114' title='bbox 503 1978 546 2040; x_wconf 92' lang='lat' dir='ltr'>de</span> <span class='ocrx_word' id='word_1_115' title='bbox 565 1975 675 2041; x_wconf 89' lang='lat' dir='ltr'>Gestis</span> <span class='ocrx_word' id='word_1_116' title='bbox 696 1976 892 2060; x_wconf 87' lang='lat' dir='ltr'>Anglorum,</span> <span class='ocrx_word' id='word_1_117' title='bbox 908 1978 992 2043; x_wconf 91' lang='lat' dir='ltr'>libro</span> <span class='ocrx_word' id='word_1_118' title='bbox 1012 1981 1127 2062; x_wconf 93' lang='lat' dir='ltr'>primo,</span> <span class='ocrx_word' id='word_1_119' title='bbox 1148 1984 1200 2042; x_wconf 86' lang='lat' dir='ltr'>ca⁰</span> <span class='ocrx_word' id='word_1_120' title='bbox 1222 1976 1286 2059; x_wconf 86' lang='lat'><strong>29⁰.</strong></span> <span class='ocrx_word' id='word_1_121' title='bbox 1332 1979 1378 2043; x_wconf 92' lang='lat' dir='ltr'>Et</span> <span class='ocrx_word' id='word_1_122' title='bbox 1399 1979 1546 2042; x_wconf 89' lang='lat' dir='ltr'>Actuum</span> <span class='ocrx_word' id='word_1_123' title='bbox 1567 1985 1620 2062; x_wconf 79' lang='lat'>13⁰</span> 
     </span>
     <span class='ocr_line' id='line_1_14' title="bbox 272 2096 1619 2182; baseline 0.001 -21"><span class='ocrx_word' id='word_1_124' title='bbox 272 2097 437 2161; x_wconf 90' lang='lat' dir='ltr'>Dominus</span> <span class='ocrx_word' id='word_1_125' title='bbox 456 2096 552 2175; x_wconf 86' lang='lat' dir='ltr'>dixit,</span> <span class='ocrx_word' id='word_1_126' title='bbox 573 2096 752 2178; x_wconf 89' lang='lat' dir='ltr'>‘Separate</span> <span class='ocrx_word' id='word_1_127' title='bbox 776 2100 856 2162; x_wconf 93' lang='lat' dir='ltr'>mihi</span> <span class='ocrx_word' id='word_1_128' title='bbox 880 2098 1019 2163; x_wconf 94' lang='lat' dir='ltr'>Paulum</span> <span class='ocrx_word' id='word_1_129' title='bbox 1040 2109 1074 2163; x_wconf 91' lang='lat' dir='ltr'>et</span> <span class='ocrx_word' id='word_1_130' title='bbox 1098 2099 1285 2162; x_wconf 92' lang='lat' dir='ltr'>Barnabam</span> <span class='ocrx_word' id='word_1_131' title='bbox 1306 2099 1340 2162; x_wconf 92' lang='lat' dir='ltr'>in</span> <span class='ocrx_word' id='word_1_132' title='bbox 1362 2120 1446 2182; x_wconf 92' lang='lat' dir='ltr'>opus</span> <span class='ocrx_word' id='word_1_133' title='bbox 1466 2100 1508 2162; x_wconf 95' lang='lat' dir='ltr'>ad</span> <span class='ocrx_word' id='word_1_134' title='bbox 1530 2099 1619 2180; x_wconf 94' lang='lat' dir='ltr'>quod</span> 
     </span>
     <span class='ocr_line' id='line_1_15' title="bbox 271 2213 1621 2300; baseline 0.001 -19"><span class='ocrx_word' id='word_1_135' title='bbox 271 2217 434 2299; x_wconf 87' lang='lat' dir='ltr'>assumpsi</span> <span class='ocrx_word' id='word_1_136' title='bbox 450 2213 525 2294; x_wconf 70' lang='lat' dir='ltr'>eoq’</span> <span class='ocrx_word' id='word_1_137' title='bbox 541 2236 585 2280; x_wconf 90' lang='lat' dir='ltr'>sc.</span> <span class='ocrx_word' id='word_1_138' title='bbox 601 2217 634 2278; x_wconf 94' lang='lat' dir='ltr'>in</span> <span class='ocrx_word' id='word_1_139' title='bbox 649 2238 732 2299; x_wconf 92' lang='lat' dir='ltr'>opus</span> <span class='ocrx_word' id='word_1_140' title='bbox 747 2218 907 2300; x_wconf 85' lang='lat' dir='ltr'>evangelii</span> <span class='ocrx_word' id='word_1_141' title='bbox 923 2227 956 2281; x_wconf 92' lang='lat' dir='ltr'>et</span> <span class='ocrx_word' id='word_1_142' title='bbox 972 2219 1217 2300; x_wconf 85' lang='lat' dir='ltr'>praedicacionis</span> <span class='ocrx_word' id='word_1_143' title='bbox 1231 2219 1320 2282; x_wconf 92' lang='lat' dir='ltr'>verbi</span> <span class='ocrx_word' id='word_1_144' title='bbox 1338 2220 1411 2282; x_wconf 88' lang='lat' dir='ltr'>Dei.</span> <span class='ocrx_word' id='word_1_145' title='bbox 1457 2219 1621 2283; x_wconf 86' lang='lat' dir='ltr'>Dominus</span> 
     </span>
     <span class='ocr_line' id='line_1_16' title="bbox 272 2337 1619 2421; baseline 0 -19"><span class='ocrx_word' id='word_1_146' title='bbox 272 2339 360 2402; x_wconf 90' lang='lat' dir='ltr'>enim</span> <span class='ocrx_word' id='word_1_147' title='bbox 376 2338 467 2400; x_wconf 92' lang='lat' dir='ltr'>novit</span> <span class='ocrx_word' id='word_1_148' title='bbox 483 2337 572 2418; x_wconf 92' lang='lat' dir='ltr'>quod</span> <span class='ocrx_word' id='word_1_149' title='bbox 593 2338 646 2402; x_wconf 90' lang='lat' dir='ltr'>isti</span> <span class='ocrx_word' id='word_1_150' title='bbox 662 2339 728 2401; x_wconf 93' lang='lat' dir='ltr'>duo</span> <span class='ocrx_word' id='word_1_151' title='bbox 747 2340 892 2421; x_wconf 89' lang='lat' dir='ltr'>episcopi</span> <span class='ocrx_word' id='word_1_152' title='bbox 915 2348 948 2402; x_wconf 90' lang='lat' dir='ltr'>et</span> <span class='ocrx_word' id='word_1_153' title='bbox 972 2348 1113 2403; x_wconf 89' lang='lat' dir='ltr'>rectores</span> <span class='ocrx_word' id='word_1_154' title='bbox 1132 2340 1164 2401; x_wconf 92' lang='lat' dir='ltr'>in</span> <span class='ocrx_word' id='word_1_155' title='bbox 1181 2339 1317 2403; x_wconf 90' lang='lat' dir='ltr'>diversis</span> <span class='ocrx_word' id='word_1_156' title='bbox 1332 2339 1413 2403; x_wconf 92' lang='lat' dir='ltr'>locis</span> <span class='ocrx_word' id='word_1_157' title='bbox 1428 2340 1619 2414; x_wconf 85' lang='lat' dir='ltr'>existentes,</span> 
     </span>
     <span class='ocr_line' id='line_1_17' title="bbox 271 2456 1621 2541; baseline 0.001 -21"><span class='ocrx_word' id='word_1_158' title='bbox 271 2457 365 2540; x_wconf 91' lang='lat' dir='ltr'>plura</span> <span class='ocrx_word' id='word_1_159' title='bbox 381 2456 469 2520; x_wconf 92' lang='lat' dir='ltr'>bona</span> <span class='ocrx_word' id='word_1_160' title='bbox 484 2456 630 2522; x_wconf 90' lang='lat' dir='ltr'>sacerent</span> <span class='ocrx_word' id='word_1_161' title='bbox 645 2478 746 2539; x_wconf 93' lang='lat' dir='ltr'>quam</span> <span class='ocrx_word' id='word_1_162' title='bbox 761 2459 788 2521; x_wconf 94' lang='lat' dir='ltr'>si</span> <span class='ocrx_word' id='word_1_163' title='bbox 806 2480 890 2523; x_wconf 93' lang='lat' dir='ltr'>unus</span> <span class='ocrx_word' id='word_1_164' title='bbox 905 2468 1011 2522; x_wconf 87' lang='lat' dir='ltr'>rector</span> <span class='ocrx_word' id='word_1_165' title='bbox 1027 2467 1203 2541; x_wconf 92' lang='lat' dir='ltr'>utrumque</span> <span class='ocrx_word' id='word_1_166' title='bbox 1219 2458 1328 2522; x_wconf 92' lang='lat' dir='ltr'>locum</span> <span class='ocrx_word' id='word_1_167' title='bbox 1344 2469 1526 2541; x_wconf 91' lang='lat' dir='ltr'>occuparet,</span> <span class='ocrx_word' id='word_1_168' title='bbox 1543 2461 1621 2541; x_wconf 90' lang='lat' dir='ltr'>quia</span> 
     </span>
     <span class='ocr_line' id='line_1_18' title="bbox 269 2574 1621 2662; baseline 0.001 -22"><span class='ocrx_word' id='word_1_169' title='bbox 269 2574 382 2661; x_wconf 63' lang='lat' dir='ltr'>&#39;plures</span> <span class='ocrx_word' id='word_1_170' title='bbox 403 2577 480 2641; x_wconf 93' lang='lat' dir='ltr'>boni</span> <span class='ocrx_word' id='word_1_171' title='bbox 504 2585 647 2640; x_wconf 91' lang='lat' dir='ltr'>rectores</span> <span class='ocrx_word' id='word_1_172' title='bbox 671 2579 703 2641; x_wconf 94' lang='lat' dir='ltr'>in</span> <span class='ocrx_word' id='word_1_173' title='bbox 727 2579 862 2642; x_wconf 91' lang='lat' dir='ltr'>diversis</span> <span class='ocrx_word' id='word_1_174' title='bbox 877 2578 956 2643; x_wconf 93' lang='lat' dir='ltr'>locis</span> <span class='ocrx_word' id='word_1_175' title='bbox 973 2579 1155 2644; x_wconf 88' lang='lat' dir='ltr'>existentes</span> <span class='ocrx_word' id='word_1_176' title='bbox 1177 2588 1314 2660; x_wconf 90' lang='lat' dir='ltr'>possunt</span> <span class='ocrx_word' id='word_1_177' title='bbox 1337 2579 1442 2661; x_wconf 83' lang='lat' dir='ltr'>magis</span> <span class='ocrx_word' id='word_1_178' title='bbox 1465 2579 1621 2662; x_wconf 87' lang='lat' dir='ltr'>proficere</span> 
     </span>
     <span class='ocr_line' id='line_1_19' title="bbox 272 2696 1002 2782; baseline 0.001 -21"><span class='ocrx_word' id='word_1_179' title='bbox 272 2718 374 2782; x_wconf 89' lang='lat' dir='ltr'>quam</span> <span class='ocrx_word' id='word_1_180' title='bbox 397 2717 481 2759; x_wconf 91' lang='lat' dir='ltr'>unus</span> <span class='ocrx_word' id='word_1_181' title='bbox 504 2697 648 2760; x_wconf 89' lang='lat' dir='ltr'>retinens</span> <span class='ocrx_word' id='word_1_182' title='bbox 670 2696 815 2761; x_wconf 86' lang='lat' dir='ltr'>diversas</span> <span class='ocrx_word' id='word_1_183' title='bbox 838 2698 1002 2762; x_wconf 89' lang='lat' dir='ltr'>ecclesias.</span> 
     </span>
    </p>

    <p class='ocr_par' dir='ltr' id='par_1_4' title="bbox 272 2816 1624 4105">
     <span class='ocr_line' id='line_1_20' title="bbox 358 2816 1621 2901; baseline 0.005 -24"><span class='ocrx_word' id='word_1_184' title='bbox 358 2826 398 2894; x_wconf 79' lang='lat' dir='ltr'>[p.</span> <span class='ocrx_word' id='word_1_185' title='bbox 414 2825 488 2892; x_wconf 83' lang='lat'>416.]</span> <span class='ocrx_word' id='word_1_186' title='bbox 533 2816 596 2881; x_wconf 89' lang='lat' dir='ltr'>Est</span> <span class='ocrx_word' id='word_1_187' title='bbox 619 2819 706 2881; x_wconf 90' lang='lat' dir='ltr'>enirn</span> <span class='ocrx_word' id='word_1_188' title='bbox 731 2819 773 2882; x_wconf 91' lang='lat' dir='ltr'>de</span> <span class='ocrx_word' id='word_1_189' title='bbox 797 2818 885 2882; x_wconf 93' lang='lat' dir='ltr'>malo</span> <span class='ocrx_word' id='word_1_190' title='bbox 908 2828 1048 2901; x_wconf 90' lang='lat' dir='ltr'>patrono</span> <span class='ocrx_word' id='word_1_191' title='bbox 1071 2817 1225 2895; x_wconf 85' lang='lat' dir='ltr'>ecclesiae,</span> <span class='ocrx_word' id='word_1_192' title='bbox 1241 2826 1274 2881; x_wconf 90' lang='lat' dir='ltr'>et</span> <span class='ocrx_word' id='word_1_193' title='bbox 1290 2819 1333 2882; x_wconf 90' lang='lat' dir='ltr'>de</span> <span class='ocrx_word' id='word_1_194' title='bbox 1351 2818 1439 2882; x_wconf 90' lang='lat' dir='ltr'>malo</span> <span class='ocrx_word' id='word_1_195' title='bbox 1457 2818 1621 2901; x_wconf 78' lang='lat' dir='ltr'>episcope,</span> 
     </span>
     <span class='ocr_line' id='line_1_21' title="bbox 272 2936 1621 3020; baseline 0 -18"><span class='ocrx_word' id='word_1_196' title='bbox 272 2947 307 3003; x_wconf 93' lang='lat' dir='ltr'>et</span> <span class='ocrx_word' id='word_1_197' title='bbox 329 2938 371 3001; x_wconf 95' lang='lat' dir='ltr'>de</span> <span class='ocrx_word' id='word_1_198' title='bbox 394 2936 482 3001; x_wconf 91' lang='lat' dir='ltr'>malo</span> <span class='ocrx_word' id='word_1_199' title='bbox 506 2947 638 3014; x_wconf 89' lang='lat' dir='ltr'>rectore,</span> <span class='ocrx_word' id='word_1_200' title='bbox 655 2939 738 3002; x_wconf 89' lang='lat' dir='ltr'>sicut</span> <span class='ocrx_word' id='word_1_201' title='bbox 758 2946 807 3002; x_wconf 91' lang='lat' dir='ltr'>est</span> <span class='ocrx_word' id='word_1_202' title='bbox 829 2939 872 3002; x_wconf 90' lang='lat' dir='ltr'>de</span> <span class='ocrx_word' id='word_1_203' title='bbox 894 2939 1086 3003; x_wconf 89' lang='lat' dir='ltr'>vicecomite</span> <span class='ocrx_word' id='word_1_204' title='bbox 1109 2948 1143 3001; x_wconf 91' lang='lat' dir='ltr'>et</span> <span class='ocrx_word' id='word_1_205' title='bbox 1162 2939 1205 3001; x_wconf 92' lang='lat' dir='ltr'>de</span> <span class='ocrx_word' id='word_1_206' title='bbox 1226 2936 1357 3014; x_wconf 90' lang='lat' dir='ltr'>ballivo,</span> <span class='ocrx_word' id='word_1_207' title='bbox 1374 2939 1430 3020; x_wconf 91' lang='lat' dir='ltr'>qui</span> <span class='ocrx_word' id='word_1_208' title='bbox 1450 2940 1621 3002; x_wconf 88' lang='lat' dir='ltr'>annuatim</span> 
     </span>
     <span class='ocr_line' id='line_1_22' title="bbox 273 3057 1622 3141; baseline 0.001 -20"><span class='ocrx_word' id='word_1_209' title='bbox 273 3059 380 3122; x_wconf 85' lang='lat' dir='ltr'>reddit</span> <span class='ocrx_word' id='word_1_210' title='bbox 403 3065 595 3139; x_wconf 91' lang='lat' dir='ltr'>compotum</span> <span class='ocrx_word' id='word_1_211' title='bbox 619 3059 687 3141; x_wconf 84' lang='lat' dir='ltr'>regi</span> <span class='ocrx_word' id='word_1_212' title='bbox 711 3058 744 3122; x_wconf 88' lang='lat' dir='ltr'>in</span> <span class='ocrx_word' id='word_1_213' title='bbox 768 3059 931 3123; x_wconf 91' lang='lat' dir='ltr'>scaccario</span> <span class='ocrx_word' id='word_1_214' title='bbox 954 3080 1014 3122; x_wconf 91' lang='lat' dir='ltr'>suo</span> <span class='ocrx_word' id='word_1_215' title='bbox 1037 3057 1219 3121; x_wconf 92' lang='lat' dir='ltr'>Londoniis</span> <span class='ocrx_word' id='word_1_216' title='bbox 1241 3060 1283 3122; x_wconf 90' lang='lat' dir='ltr'>de</span> <span class='ocrx_word' id='word_1_217' title='bbox 1306 3058 1438 3121; x_wconf 87' lang='lat' dir='ltr'>annuali</span> <span class='ocrx_word' id='word_1_218' title='bbox 1465 3059 1622 3141; x_wconf 91' lang='lat' dir='ltr'>pensione</span> 
     </span>
     <span class='ocr_line' id='line_1_23' title="bbox 273 3177 1621 3262; baseline 0.001 -21"><span class='ocrx_word' id='word_1_219' title='bbox 273 3178 323 3241; x_wconf 91' lang='lat' dir='ltr'>sui</span> <span class='ocrx_word' id='word_1_220' title='bbox 345 3177 451 3242; x_wconf 86' lang='lat' dir='ltr'>officii.</span> <span class='ocrx_word' id='word_1_221' title='bbox 506 3177 653 3242; x_wconf 89' lang='lat' dir='ltr'>Reddito</span> <span class='ocrx_word' id='word_1_222' title='bbox 677 3179 765 3242; x_wconf 92' lang='lat' dir='ltr'>enim</span> <span class='ocrx_word' id='word_1_223' title='bbox 788 3190 944 3262; x_wconf 93' lang='lat' dir='ltr'>compoto</span> <span class='ocrx_word' id='word_1_224' title='bbox 967 3178 1053 3261; x_wconf 93' lang='lat' dir='ltr'>petit</span> <span class='ocrx_word' id='word_1_225' title='bbox 1076 3178 1215 3242; x_wconf 89' lang='lat' dir='ltr'>ballivus</span> <span class='ocrx_word' id='word_1_226' title='bbox 1236 3179 1373 3260; x_wconf 89' lang='lat' dir='ltr'>alicujus</span> <span class='ocrx_word' id='word_1_227' title='bbox 1395 3178 1546 3255; x_wconf 71' lang='lat' dir='ltr'>civitatis</span> <span class='ocrx_word' id='word_1_228' title='bbox 1565 3181 1621 3262; x_wconf 92' lang='lat' dir='ltr'>qui</span> 
     </span>
     <span class='ocr_line' id='line_1_24' title="bbox 272 3299 1623 3381; baseline 0.001 -19"><span class='ocrx_word' id='word_1_229' title='bbox 272 3301 320 3363; x_wconf 87' lang='lat' dir='ltr'>sic</span> <span class='ocrx_word' id='word_1_230' title='bbox 342 3299 450 3361; x_wconf 90' lang='lat' dir='ltr'>reddit</span> <span class='ocrx_word' id='word_1_231' title='bbox 469 3307 661 3380; x_wconf 91' lang='lat' dir='ltr'>compotum</span> <span class='ocrx_word' id='word_1_232' title='bbox 684 3319 789 3378; x_wconf 88' lang='lat' dir='ltr'>suum,</span> <span class='ocrx_word' id='word_1_233' title='bbox 804 3300 1064 3381; x_wconf 90' lang='lat' dir='ltr'>acquietanciam</span> <span class='ocrx_word' id='word_1_234' title='bbox 1087 3300 1130 3362; x_wconf 90' lang='lat' dir='ltr'>ab</span> <span class='ocrx_word' id='word_1_235' title='bbox 1149 3299 1300 3364; x_wconf 90' lang='lat' dir='ltr'>auditore</span> <span class='ocrx_word' id='word_1_236' title='bbox 1315 3320 1394 3378; x_wconf 90' lang='lat' dir='ltr'>suo;</span> <span class='ocrx_word' id='word_1_237' title='bbox 1418 3300 1475 3362; x_wconf 93' lang='lat' dir='ltr'>sed</span> <span class='ocrx_word' id='word_1_238' title='bbox 1491 3301 1623 3364; x_wconf 93' lang='lat' dir='ltr'>auditor</span> 
     </span>
     <span class='ocr_line' id='line_1_25' title="bbox 273 3420 1621 3504; baseline -0.001 -20"><span class='ocrx_word' id='word_1_239' title='bbox 273 3421 420 3504; x_wconf 90' lang='lat' dir='ltr'>compoti</span> <span class='ocrx_word' id='word_1_240' title='bbox 445 3429 546 3502; x_wconf 83' lang='lat' dir='ltr'>negat</span> <span class='ocrx_word' id='word_1_241' title='bbox 573 3420 601 3482; x_wconf 90' lang='lat' dir='ltr'>ei</span> <span class='ocrx_word' id='word_1_242' title='bbox 628 3421 888 3504; x_wconf 90' lang='lat' dir='ltr'>acquietanciam</span> <span class='ocrx_word' id='word_1_243' title='bbox 914 3442 1086 3504; x_wconf 90' lang='lat' dir='ltr'>quousque</span> <span class='ocrx_word' id='word_1_244' title='bbox 1113 3421 1316 3504; x_wconf 89' lang='lat' dir='ltr'>responderit</span> <span class='ocrx_word' id='word_1_245' title='bbox 1341 3420 1474 3484; x_wconf 90' lang='lat' dir='ltr'>cuilibet</span> <span class='ocrx_word' id='word_1_246' title='bbox 1496 3420 1621 3484; x_wconf 92' lang='lat' dir='ltr'>homini</span> 
     </span>
     <span class='ocr_line' id='line_1_26' title="bbox 272 3539 1623 3624; baseline 0.001 -20"><span class='ocrx_word' id='word_1_247' title='bbox 272 3543 329 3624; x_wconf 94' lang='lat' dir='ltr'>qui</span> <span class='ocrx_word' id='word_1_248' title='bbox 367 3539 488 3622; x_wconf 89' lang='lat' dir='ltr'>objecit</span> <span class='ocrx_word' id='word_1_249' title='bbox 525 3541 694 3604; x_wconf 88' lang='lat' dir='ltr'>scedulam</span> <span class='ocrx_word' id='word_1_250' title='bbox 728 3544 963 3606; x_wconf 86' lang='lat' dir='ltr'>accusatoriam</span> <span class='ocrx_word' id='word_1_251' title='bbox 996 3552 1112 3607; x_wconf 88' lang='lat' dir='ltr'>contra</span> <span class='ocrx_word' id='word_1_252' title='bbox 1146 3542 1287 3606; x_wconf 90' lang='lat' dir='ltr'>eundem</span> <span class='ocrx_word' id='word_1_253' title='bbox 1317 3542 1497 3619; x_wconf 90' lang='lat' dir='ltr'>ballivum;</span> <span class='ocrx_word' id='word_1_254' title='bbox 1534 3543 1623 3607; x_wconf 92' lang='lat' dir='ltr'>unde</span> 
     </span>
     <span class='ocr_line' id='line_1_27' title="bbox 273 3661 1623 3745; baseline 0.001 -20"><span class='ocrx_word' id='word_1_255' title='bbox 273 3661 407 3725; x_wconf 90' lang='lat' dir='ltr'>auditor</span> <span class='ocrx_word' id='word_1_256' title='bbox 428 3661 574 3742; x_wconf 91' lang='lat' dir='ltr'>compoti</span> <span class='ocrx_word' id='word_1_257' title='bbox 597 3661 643 3724; x_wconf 90' lang='lat' dir='ltr'>sic</span> <span class='ocrx_word' id='word_1_258' title='bbox 670 3662 771 3725; x_wconf 92' lang='lat' dir='ltr'>obicit</span> <span class='ocrx_word' id='word_1_259' title='bbox 793 3662 923 3736; x_wconf 88' lang='lat' dir='ltr'>ballivo,</span> <span class='ocrx_word' id='word_1_260' title='bbox 951 3661 1163 3745; x_wconf 90' lang='lat' dir='ltr'>‘Antequam</span> <span class='ocrx_word' id='word_1_261' title='bbox 1188 3663 1448 3744; x_wconf 88' lang='lat' dir='ltr'>acquietanciam</span> <span class='ocrx_word' id='word_1_262' title='bbox 1470 3661 1623 3726; x_wconf 89' lang='lat' dir='ltr'>habueris</span> 
     </span>
     <span class='ocr_line' id='line_1_28' title="bbox 274 3779 1624 3865; baseline 0 -19"><span class='ocrx_word' id='word_1_263' title='bbox 274 3782 438 3864; x_wconf 92' lang='lat' dir='ltr'>responde</span> <span class='ocrx_word' id='word_1_264' title='bbox 452 3781 511 3844; x_wconf 92' lang='lat' dir='ltr'>tali</span> <span class='ocrx_word' id='word_1_265' title='bbox 531 3779 656 3844; x_wconf 91' lang='lat' dir='ltr'>homini</span> <span class='ocrx_word' id='word_1_266' title='bbox 673 3791 706 3846; x_wconf 90' lang='lat' dir='ltr'>et</span> <span class='ocrx_word' id='word_1_267' title='bbox 725 3781 783 3845; x_wconf 88' lang='lat' dir='ltr'>tali</span> <span class='ocrx_word' id='word_1_268' title='bbox 798 3782 876 3860; x_wconf 91' lang='lat' dir='ltr'>viro,</span> <span class='ocrx_word' id='word_1_269' title='bbox 891 3783 947 3865; x_wconf 93' lang='lat' dir='ltr'>qui</span> <span class='ocrx_word' id='word_1_270' title='bbox 967 3791 1146 3865; x_wconf 90' lang='lat' dir='ltr'>posuerunt</span> <span class='ocrx_word' id='word_1_271' title='bbox 1168 3783 1396 3846; x_wconf 89' lang='lat' dir='ltr'>accusaciones</span> <span class='ocrx_word' id='word_1_272' title='bbox 1418 3789 1452 3845; x_wconf 90' lang='lat' dir='ltr'>et</span> <span class='ocrx_word' id='word_1_273' title='bbox 1473 3782 1624 3846; x_wconf 89' lang='lat' dir='ltr'>scedulas</span> 
     </span>
     <span class='ocr_line' id='line_1_29' title="bbox 274 3896 1624 3978; baseline 0 -11"><span class='ocrx_word' id='word_1_274' title='bbox 274 3911 389 3968; x_wconf 88' lang='lat' dir='ltr'>contra</span> <span class='ocrx_word' id='word_1_275' title='bbox 405 3896 475 3978; x_wconf 90' lang='lat' dir='ltr'>te;’</span> <span class='ocrx_word' id='word_1_276' title='bbox 500 3908 533 3964; x_wconf 93' lang='lat' dir='ltr'>et</span> <span class='ocrx_word' id='word_1_277' title='bbox 553 3902 670 3965; x_wconf 89' lang='lat' dir='ltr'>reddet</span> <span class='ocrx_word' id='word_1_278' title='bbox 693 3912 771 3966; x_wconf 91' lang='lat' dir='ltr'>tunc</span> <span class='ocrx_word' id='word_1_279' title='bbox 792 3902 933 3966; x_wconf 90' lang='lat' dir='ltr'>ballivus</span> <span class='ocrx_word' id='word_1_280' title='bbox 955 3923 991 3967; x_wconf 91' lang='lat' dir='ltr'>se</span> <span class='ocrx_word' id='word_1_281' title='bbox 1010 3905 1190 3967; x_wconf 91' lang='lat' dir='ltr'>immunem</span> <span class='ocrx_word' id='word_1_282' title='bbox 1207 3904 1249 3967; x_wconf 91' lang='lat' dir='ltr'>de</span> <span class='ocrx_word' id='word_1_283' title='bbox 1271 3902 1336 3967; x_wconf 93' lang='lat' dir='ltr'>illis</span> <span class='ocrx_word' id='word_1_284' title='bbox 1359 3902 1624 3967; x_wconf 90' lang='lat' dir='ltr'>accusacionibus</span> 
     </span>
     <span class='ocr_line' id='line_1_30' title="bbox 274 4021 1624 4105; baseline 0.001 -19"><span class='ocrx_word' id='word_1_285' title='bbox 274 4031 454 4105; x_wconf 88' lang='lat' dir='ltr'>antequam</span> <span class='ocrx_word' id='word_1_286' title='bbox 477 4021 736 4103; x_wconf 91' lang='lat' dir='ltr'>acquietanciam</span> <span class='ocrx_word' id='word_1_287' title='bbox 760 4023 918 4104; x_wconf 88' lang='lat' dir='ltr'>receperit</span> <span class='ocrx_word' id='word_1_288' title='bbox 940 4045 960 4086; x_wconf 91' lang='lat' dir='ltr'>a</span> <span class='ocrx_word' id='word_1_289' title='bbox 983 4044 1042 4087; x_wconf 91' lang='lat' dir='ltr'>suo</span> <span class='ocrx_word' id='word_1_290' title='bbox 1064 4023 1223 4088; x_wconf 90' lang='lat' dir='ltr'>auditore.</span> <span class='ocrx_word' id='word_1_291' title='bbox 1269 4023 1398 4088; x_wconf 88' lang='lat' dir='ltr'>Revera</span> <span class='ocrx_word' id='word_1_292' title='bbox 1418 4023 1471 4100; x_wconf 92' lang='lat' dir='ltr'>sic,</span> <span class='ocrx_word' id='word_1_293' title='bbox 1487 4023 1520 4085; x_wconf 94' lang='lat' dir='ltr'>in</span> <span class='ocrx_word' id='word_1_294' title='bbox 1542 4023 1624 4087; x_wconf 89' lang='lat' dir='ltr'>hora</span> 
     </span>
    </p>
   </div>
   <div class='ocr_carea' id='block_1_3' title="bbox 271 4133 1625 4227">
    <p class='ocr_par' dir='ltr' id='par_1_5' title="bbox 271 4133 1625 4227">
     <span class='ocr_line' id='line_1_31' title="bbox 271 4133 1625 4227; baseline 0.001 -20"><span class='ocrx_word' id='word_1_295' title='bbox 271 4142 384 4226; x_wconf 84' lang='lat' dir='ltr'>judicii</span> <span class='ocrx_word' id='word_1_296' title='bbox 415 4133 526 4206; x_wconf 82' lang='lat' dir='ltr'>coram</span> <span class='ocrx_word' id='word_1_297' title='bbox 557 4141 641 4221; x_wconf 84' lang='lat' dir='ltr'>Dec,</span> <span class='ocrx_word' id='word_1_298' title='bbox 672 4144 802 4207; x_wconf 90' lang='lat' dir='ltr'>reddito</span> <span class='ocrx_word' id='word_1_299' title='bbox 832 4154 988 4227; x_wconf 90' lang='lat' dir='ltr'>compoto</span> <span class='ocrx_word' id='word_1_300' title='bbox 1020 4155 1053 4209; x_wconf 93' lang='lat' dir='ltr'>et</span> <span class='ocrx_word' id='word_1_301' title='bbox 1091 4145 1220 4209; x_wconf 90' lang='lat' dir='ltr'>racione</span> <span class='ocrx_word' id='word_1_302' title='bbox 1249 4144 1291 4208; x_wconf 91' lang='lat' dir='ltr'>de</span> <span class='ocrx_word' id='word_1_303' title='bbox 1321 4144 1449 4208; x_wconf 89' lang='lat' dir='ltr'>actibus</span> <span class='ocrx_word' id='word_1_304' title='bbox 1478 4144 1625 4227; x_wconf 90' lang='lat' dir='ltr'>propriis,</span> 
     </span>
    </p>
   </div>
   <div class='ocr_carea' id='block_1_4' title="bbox 275 4264 1623 4348">
    <p class='ocr_par' dir='ltr' id='par_1_6' title="bbox 275 4264 1623 4348">
     <span class='ocr_line' id='line_1_32' title="bbox 275 4264 1623 4348; baseline 0 -20"><span class='ocrx_word' id='word_1_305' title='bbox 275 4265 424 4330; x_wconf 88' lang='lat' dir='ltr'>redditur</span> <span class='ocrx_word' id='word_1_306' title='bbox 438 4264 525 4327; x_wconf 91' lang='lat' dir='ltr'>racio</span> <span class='ocrx_word' id='word_1_307' title='bbox 543 4284 653 4328; x_wconf 90' lang='lat' dir='ltr'>coram</span> <span class='ocrx_word' id='word_1_308' title='bbox 670 4265 744 4329; x_wconf 93' lang='lat' dir='ltr'>Deo</span> <span class='ocrx_word' id='word_1_309' title='bbox 761 4267 802 4329; x_wconf 91' lang='lat' dir='ltr'>de</span> <span class='ocrx_word' id='word_1_310' title='bbox 820 4265 914 4328; x_wconf 91' lang='lat' dir='ltr'>malis</span> <span class='ocrx_word' id='word_1_311' title='bbox 932 4267 1085 4348; x_wconf 89' lang='lat' dir='ltr'>operibus</span> <span class='ocrx_word' id='word_1_312' title='bbox 1108 4276 1141 4330; x_wconf 91' lang='lat' dir='ltr'>et</span> <span class='ocrx_word' id='word_1_313' title='bbox 1164 4267 1206 4330; x_wconf 90' lang='lat' dir='ltr'>de</span> <span class='ocrx_word' id='word_1_314' title='bbox 1228 4264 1323 4328; x_wconf 89' lang='lat' dir='ltr'>bonis</span> <span class='ocrx_word' id='word_1_315' title='bbox 1343 4266 1471 4329; x_wconf 91' lang='lat' dir='ltr'>omissis</span> <span class='ocrx_word' id='word_1_316' title='bbox 1486 4264 1623 4330; x_wconf 91' lang='lat' dir='ltr'>aliorum</span> 
     </span>
    </p>
   </div>
   <div class='ocr_carea' id='block_1_5' title="bbox 0 0 1920 4904">
    <p class='ocr_par' dir='ltr' id='par_1_7' title="bbox 0 0 1920 4904">
     <span class='ocr_line' id='line_1_33' title="bbox 0 0 1920 4904; baseline 0 0"><span class='ocrx_word' id='word_1_317' title='bbox 0 0 1920 4904; x_wconf 95' lang='lat' dir='ltr'> </span> 
     </span>
    </p>
   </div>
  </div>
 </body>
</html>
