3818 4904
304 389 364 452 182
681 400 781 455 LOCI
806 400 836 451 E
865 398 989 452 LIBRO
1024 397 1284 453 VERITATUM.

301 618 339 678 ‘a
362 617 436 680 Deo
460 613 677 691 maledictus?
700 613 808 697 inquit
829 612 1000 695 Jeremias,
1025 612 1100 695 ‘qui
1123 613 1202 677 facit
1226 634 1310 695 opus
1334 611 1398 675 Dei
1423 609 1629 695 negligenter
1639 602 1659 684 ;’

300 735 357 798 ille
382 735 460 799 facit
489 757 573 819 opus
595 718 663 799 'Dei
690 735 895 817 negligenter
918 734 975 816 qui
1001 733 1104 796 tradit
1131 752 1243 795 curam
1270 733 1416 795 ecclesiae
1438 732 1490 795 vel
1514 730 1659 794 officium

300 856 478 939 regiminis,
497 877 562 919 non
586 876 661 920 cum
684 856 798 919 debita
820 855 1015 931 intencione,
1034 862 1071 916 ut
1093 853 1205 917 debite
1228 853 1438 935 perficiantur
1460 873 1562 934 opera
1583 871 1659 932 quae

301 976 396 1040 Deus
419 976 525 1041 voluit
551 976 621 1039 fieri
649 978 681 1039 in
709 975 846 1040 ecclesia
869 995 927 1037 seu
952 975 985 1036 in
1013 972 1069 1036 illo
1095 973 1213 1036 officio.
1261 974 1356 1050 Item,
1378 972 1457 1037 facit
1483 993 1568 1054 opus
1595 971 1660 1034 Dei

302 1097 508 1179 negligenter
530 1098 586 1179 qui
610 1098 752 1160 intendit
776 1095 906 1178 placere
928 1094 1054 1157 homini
1082 1095 1197 1175 pocius
1223 1114 1325 1175 quam
1349 1095 1433 1171 Deo,
1458 1093 1559 1157 etsie
1582 1092 1660 1155 facit

301 1216 358 1280 ille
383 1217 440 1299 qui
470 1226 583 1299 potest
609 1217 756 1280 conferre
786 1216 931 1279 officium
962 1214 1108 1278 ecclesiae
1139 1213 1300 1288 habiliori,
1326 1223 1360 1277 et
1389 1223 1503 1277 tamen
1533 1212 1661 1276 confert

301 1338 412 1399 minus
437 1335 552 1399 habili.
596 1335 633 1401 Si
658 1335 746 1400 enim
773 1337 885 1399 Deum
916 1344 1004 1399 recte
1030 1334 1191 1415 diligeret,
1215 1333 1262 1396 illi
1293 1333 1465 1397 ecclesiam
1496 1331 1660 1397 conferret

302 1476 402 1538 quem
432 1458 494 1520 scit
519 1457 572 1520 vel
602 1458 707 1520 credit
733 1457 822 1538 quod
850 1453 968 1517 melius
995 1455 1070 1517 Deo
1100 1454 1254 1535 placeret,
1281 1463 1314 1518 et
1345 1454 1471 1535 majora
1500 1463 1534 1517 et
1565 1453 1661 1536 plura

301 1576 392 1640 bona
420 1576 591 1658 perficeret
621 1597 732 1640 coram
764 1576 839 1638 Deo
870 1576 903 1637 in
932 1575 1042 1656 seipso
1073 1584 1107 1638 et
1136 1574 1170 1637 in
1201 1573 1283 1637 aliis.
1329 1574 1452 1637 Fidelis
1482 1594 1595 1638 servus
1625 1584 1660 1638 et

300 1697 448 1778 prudens
469 1706 556 1760 esset
577 1717 676 1778 quem
696 1695 797 1758 homo
816 1695 1031 1759 constitueret
1051 1714 1150 1776 super
1168 1692 1328 1757 familiam
1348 1693 1484 1757 Domini
1504 1694 1568 1757 Dei
1591 1695 1660 1759 sive

300 1817 336 1880 in
360 1817 520 1899 regimine
542 1816 656 1899 populi
681 1816 754 1893 Dei,
775 1823 811 1878 ut
835 1823 977 1879 testatur
1001 1814 1165 1877 Dominus
1190 1814 1291 1892 Deus,
1311 1813 1410 1879 Matt.
1432 1832 1484 1891 24.
1529 1815 1660 1878 Tamen

301 1937 483 2019 aliquando
513 1957 663 2018 personae
693 1935 798 1998 abiles
828 1933 993 2017 eliguntur
1022 1935 1065 1999 ad
1099 1935 1207 1998 officia
1238 1935 1271 1998 in
1302 1935 1439 1998 ecclesia
1471 1945 1505 1999 et
1533 1935 1660 2017 populo

301 2057 449 2138 regendo
479 2057 558 2137 quia
591 2076 657 2118 non
688 2055 895 2136 reperiuntur
929 2053 1115 2134 habiliores,
1145 2055 1231 2119 sicut
1263 2055 1296 2118 in
1326 2055 1416 2118 bello
1446 2065 1660 2119 assumuntur

300 2176 456 2241 forciores
479 2185 513 2240 et
536 2176 638 2241 fortes
653 2177 731 2259 quia
754 2196 820 2238 non
843 2184 921 2239 sunt
944 2186 996 2240 tot
1018 2176 1077 2239 viri
1100 2176 1256 2241 forciores
1279 2188 1362 2258 quot
1385 2188 1462 2242 sunt
1485 2179 1660 2242 necessarii

300 2297 491 2362 bellatores.

403 2428 443 2495 [p.
469 2427 542 2494 438]
596 2419 653 2483 Sic
685 2418 755 2501 jam
789 2419 815 2482 si
854 2420 971 2482 doctor
1008 2419 1167 2500 praedicet
1206 2420 1338 2503 regibus
1376 2431 1410 2485 et
1447 2421 1592 2485 dominis
1625 2431 1659 2485 et

300 2539 475 2624 episcopis,
498 2549 536 2602 ut
565 2538 689 2603 faciant
719 2538 977 2616 archidiaconos,
1003 2540 1189 2618 canonicos,
1216 2551 1251 2605 et
1277 2551 1429 2619 rectores,
1453 2553 1486 2607 et
1511 2542 1661 2622 vicarios,

301 2661 359 2742 qui
390 2671 562 2722 manerent
592 2661 625 2722 in
657 2659 772 2722 officiis
803 2661 951 2742 ipsorum
983 2659 1204 2739 dominorum,
1235 2664 1328 2726 exire
1357 2684 1379 2725 a
1409 2663 1499 2726 curia
1530 2684 1592 2727 sua
1625 2672 1660 2727 et

300 2780 471 2845 dimittere
505 2777 563 2841 illa
595 2779 711 2857 officia,
738 2791 774 2842 ut
805 2779 944 2862 vigilent
977 2801 1079 2862 super
1110 2801 1247 2863 gregem
1281 2782 1330 2844 eis
1363 2784 1587 2860 commissum,
1621 2794 1660 2848 ut

300 2899 426 2965 subditi
452 2898 504 2962 sui
527 2909 616 2963 recte
640 2899 715 2963 Deo
741 2900 937 2978 sacrificent,
961 2921 1042 2963 mox
1066 2901 1259 2980 irascuntur,
1281 2912 1315 2968 et
1341 2903 1478 2972 dicunt:
1519 2904 1659 2969 ‘Licen-

300 3021 387 3085 ciam
412 3020 523 3083 habeo
549 3041 570 3083 a
595 3040 683 3102 papa
708 3021 752 3084 ad
780 3021 989 3085 retinendum
1017 3042 1148 3085 mecum
1176 3043 1260 3104 quos
1285 3023 1372 3102 volo,
1395 3044 1462 3086 non
1488 3025 1658 3089 dimittam

300 3161 381 3222 ergo
406 3140 581 3223 episcopos
606 3160 666 3204 nec
692 3141 776 3204 alios
802 3137 952 3221 curatos‚’
976 3143 1129 3224 inquiunt
1156 3163 1250 3225 reges
1280 3155 1315 3207 et
1341 3145 1478 3220 domini,
1506 3148 1544 3208 ‘a
1569 3147 1659 3210 curia

302 3282 378 3325 mea
389 3258 408 3340 ς’
437 3261 502 3324 illis
530 3260 618 3324 enim
644 3263 790 3326 serviunt
813 3262 885 3344 jam
908 3263 1055 3345 episcopi
1083 3274 1116 3327 et
1139 3265 1251 3346 magni
1276 3265 1432 3341 officiarii,
1455 3266 1597 3331 vivendo
1624 3268 1658 3330 in

299 3382 399 3447 curiis
420 3384 464 3445 de
486 3383 624 3447 decimis
647 3394 681 3447 et
707 3382 936 3448 oblacionibus
963 3384 1186 3448 ecclesiarum.
1233 3385 1331 3449 Unus
1361 3388 1450 3449 enim
1479 3387 1658 3472 archiepis-

300 3524 405 3585 copus
435 3513 469 3567 et
499 3503 530 3584 vj
563 3504 710 3587 episcopi
736 3503 808 3586 jam
838 3525 897 3588 per
926 3503 1037 3587 plures
1070 3526 1175 3568 annos
1206 3527 1273 3570 non
1304 3517 1496 3572 manserunt
1525 3510 1559 3573 in
1590 3511 1659 3597 suis

299 3625 396 3700 curis,
413 3644 473 3689 nec
496 3645 600 3707 opera
622 3646 709 3689 curae
733 3646 802 3688 suae
825 3624 994 3703 fecerunt3
1017 3627 1076 3690 sed
1096 3636 1289 3692 manserunt
1306 3628 1359 3691 vel
1382 3629 1415 3691 in
1439 3630 1541 3693 domo
1563 3631 1660 3694 unius

301 3746 397 3828 regis,
422 3746 474 3809 vel
505 3746 538 3809 in
569 3747 683 3812 officiis
714 3748 810 3829 regis,
836 3757 871 3811 et
899 3748 946 3810 sic
977 3748 1117 3831 dispersi
1147 3759 1226 3813 sunt
1259 3748 1386 3832 lapides
1416 3752 1594 3815 sanctuarii
1624 3753 1659 3814 in

301 3866 417 3930 mundi
439 3865 694 3930 solicitudinem.

403 3997 441 4064 [p.
460 3996 532 4062 445·l
579 3987 812 4067 Consimiliter,
841 3989 995 4054 solebant
1018 3991 1173 4055 doctores
1196 3991 1392 4075 Theologiae
1417 3993 1563 4058 Oxoniae
1586 3993 1660 4057 nul·

299 4109 369 4172 lam
389 4108 610 4191 quaestionem
633 4111 870 4192 disputandam
892 4113 926 4175 in
949 4111 1047 4176 scolis
1063 4113 1209 4179 Oxoniae
1231 4135 1425 4196 proponere,
1441 4115 1503 4178 nisi
1525 4123 1657 4180 textum

301 4228 446 4311 aliquem
482 4230 663 4313 Scripturae
695 4252 806 4311 sacrae,
840 4244 930 4314 puta,
961 4243 1070 4298 utrum
1102 4236 1215 4300 ‘Deus
1249 4246 1398 4300 nostrum
1429 4235 1592 4320 refugium
1625 4245 1660 4300 et
