3818 4904
669 425 768 481 zocr
793 424 822 478 E
850 425 974 479 trono
1008 393 1268 482 VERJTATUM
1584 427 1644 506 167

384 648 424 714 [p.
443 648 509 712 182]
554 645 783 715 Dispensuoio.
830 638 927 703 Heu!
962 637 1047 703 heu!
1078 639 1149 720 jam
1176 650 1338 705 crassatus
1364 651 1398 706 et
1423 643 1647 728 impinguatus

298 758 500 842 pinguedine
523 760 745 839 ecclesiarum,
771 768 892 843 sponte
915 779 953 824 se
976 759 1103 842 ingerit,
1127 770 1161 826 et
1181 761 1303 826 effrons
1327 783 1347 827 a
1369 784 1456 847 papa
1478 767 1563 848 petit
1585 768 1646 831 sibi

297 881 460 962 provideri
481 883 514 945 in
533 902 764 965 quamcunque
786 881 985 963 dignitatem
1001 879 1148 946 ecclesiae
1170 892 1205 947 et
1227 883 1370 948 officium
1391 885 1462 950 sine
1484 886 1648 952 eleccione

297 1019 503 1084 quacunque,
534 1012 572 1067 ut
609 1004 686 1066 novi
719 1001 790 1084 jam
820 1004 853 1065 in
887 1000 1005 1065 diebus
1039 999 1131 1077 meis,
1162 1011 1197 1065 et
1234 1004 1407 1087 episcopus
1444 1007 1575 1071 curialis
1611 1017 1646 1075 et

297 1120 498 1186 caesariensis
527 1143 587 1204 per
615 1124 772 1206 pecunias
801 1121 955 1204 optinuit,
986 1129 1024 1183 ut
1050 1121 1278 1204 septingentas
1307 1122 1409 1189 libras
1438 1125 1481 1189 de
1510 1128 1647 1192 diversis

297 1241 443 1306 ecclesiis
463 1243 633 1307 annuatim
650 1243 794 1325 recipiat,
811 1242 854 1306 de
877 1240 1023 1305 ecclesiis
1046 1241 1080 1303 in
1101 1261 1201 1304 manu
1224 1263 1284 1306 sua
1302 1246 1439 1310 retentis
1458 1245 1539 1310 citra
1562 1248 1647 1331 epis·

297 1369 454 1444 copatum
488 1362 578 1427 mille
616 1382 808 1439 marcarum,
839 1382 939 1444 quem
977 1371 1097 1444 praeter
1130 1360 1223 1426 illam
1260 1383 1426 1428 summam
1464 1368 1647 1450 acquisivit,

298 1482 450 1564 quamvis
476 1485 510 1547 in
536 1485 626 1548 curia
653 1483 828 1566 temporali
854 1483 977 1548 mansit
1003 1503 1134 1565 semper
1157 1494 1337 1567 occupatus
1364 1489 1539 1553 mundanis
1567 1492 1648 1556 acti·

298 1602 368 1681 bus,
384 1605 442 1668 sed
464 1605 539 1668 Deo
559 1603 687 1687 gracias
708 1605 786 1688 quia
806 1604 839 1667 in
858 1624 960 1687 regno
982 1604 1161 1686 impeditus
1183 1603 1245 1669 fuit
1266 1605 1310 1670 ab
1333 1609 1534 1674 execucione
1554 1610 1648 1675 istius

298 1723 462 1804 pestiferae
484 1725 713 1804 concessionis,
734 1745 810 1808 quae
833 1723 904 1806 jam
929 1723 1162 1788 ‘commenda’
1182 1733 1341 1804 vocatur3
1371 1728 1430 1791 sed
1457 1727 1533 1793 talis
1558 1749 1648 1794 com·

298 1843 420 1908 menda
448 1865 515 1908 non
544 1854 595 1911 est
625 1847 657 1909 in
688 1846 826 1910 tutelam
850 1845 1013 1909 bonorum
1044 1855 1177 1910 actuum
1203 1854 1238 1910 et
1266 1846 1300 1910 in
1327 1847 1648 1930 multiplicationem,

297 1965 357 2028 sed
388 1965 421 2028 in
453 1965 596 2048 plurium
622 1966 785 2030 bonorum
815 1964 1086 2043 destruccionem,
1111 1974 1146 2030 et
1175 1965 1319 2049 plurium
1349 1968 1512 2033 malorum
1537 1972 1649 2036 multi·

297 2084 523 2169 plicacionem‚
544 2096 581 2151 ut
603 2096 696 2171 patet
719 2086 866 2170 pluribus
889 2086 1066 2150 evidenciis
1088 2095 1122 2150 et
1145 2087 1389 2169 experimentis.

384 2216 511 2284 [p.183.]
555 2207 668 2290 Reges
690 2207 761 2289 jam
789 2216 823 2271 et
849 2205 994 2290 episcopi
1023 2216 1057 2271 et
1087 2207 1212 2270 domini
1238 2208 1487 2289 adquisiverunt
1515 2210 1649 2294 dispen-

297 2327 445 2393 saciones
468 2338 503 2393 et
525 2328 677 2394 licencias
699 2349 720 2392 a
741 2328 903 2393 Romanis
923 2326 1144 2410 pontificibus,
1167 2336 1204 2391 ut
1226 2348 1302 2391 cum
1325 2328 1389 2392 illis
1412 2330 1559 2394 incuriis
1581 2332 1648 2396 suis

298 2457 333 2512 et
364 2449 479 2513 officiis
510 2452 684 2526 resideant,
709 2450 766 2532 qui
794 2451 827 2512 in
852 2449 998 2514 ecclesiis
1025 2448 1092 2511 suis
1119 2457 1152 2512 et
1179 2448 1210 2510 in
1235 2448 1380 2513 ecclesiis
1406 2449 1649 2517 cathedralibus

299 2580 334 2633 et
358 2570 504 2652 collegiis
532 2572 672 2635 residere
696 2581 860 2635 tenentur.
906 2568 1023 2633 Unum
1045 2568 1116 2650 jam
1142 2579 1258 2632 notum
1285 2579 1344 2645 est,
1368 2570 1457 2652 quod
1484 2571 1563 2634 boni
1588 2571 1647 2634 viri

297 2689 354 2772 qui
384 2689 614 2773 obligaverunt
643 2692 819 2775 gordianos
848 2699 882 2755 et
912 2690 1057 2754 decanos
1087 2698 1121 2753 et
1149 2689 1339 2753 sacerdotes
1368 2689 1450 2755 alios
1481 2710 1649 2756 remanere

297 2819 332 2874 et
358 2811 501 2876 residere
531 2812 566 2878 in
589 2812 670 2877 locis
695 2832 755 2895 per
779 2832 837 2875 eos
866 2810 1013 2875 fundatis
1039 2808 1284 2887 defraudantur,
1311 2818 1344 2873 et
1370 2830 1484 2874 eorum
1510 2811 1649 2878 intentio

297 2952 363 2996 non
393 2943 550 3013 servatur,
573 2935 651 3017 quia
672 2934 800 2998 fundati
831 2952 890 3015 per
919 2952 976 2995 eos
1004 2930 1084 2995 alibi
1114 2931 1266 3009 resident,
1291 2940 1324 2996 et
1346 2931 1419 2997 loca
1447 2932 1586 2997 fundata
1615 2942 1650 2999 et

296 3052 385 3118 bona
409 3054 455 3118 ibi
479 3056 590 3121 fienda
616 3064 765 3139 pereunt·
818 3053 1020 3117 Remedium
1044 3050 1133 3115 enim
1158 3060 1274 3116 contra
1297 3053 1362 3117 ista
1388 3052 1476 3118 mala
1501 3063 1597 3132 esset,
1620 3055 1648 3117 si

297 3172 489 3241 fundatores
510 3176 563 3240 vel
589 3196 704 3240 eorum
726 3194 930 3239 successores
956 3171 1094 3238 firmiter
1117 3170 1305 3236 ordinarent
1333 3172 1396 3237 sub
1419 3173 1548 3255 magnis
1577 3195 1649 3258 poe.

297 3296 357 3372 nis,
374 3298 464 3378 quod
487 3296 515 3362 si
535 3298 654 3381 aliquis
674 3317 735 3381 per
754 3317 831 3360 eum
856 3295 1021 3372 fundatus,
1036 3293 1070 3356 in
1092 3301 1183 3359 certo
1201 3290 1275 3357 loco
1294 3301 1482 3377 acceptaret
1503 3293 1648 3378 aliquam

296 3415 470 3484 licenciam
500 3427 614 3484 contra
642 3418 850 3482 voluntatem
880 3424 915 3481 et
947 3422 1112 3479 statutum
1149 3412 1340 3490 fundatoris,
1372 3413 1444 3496 ipso
1480 3414 1569 3479 facto
1605 3415 1649 3480 sit

283 3537 444 3620 privatus
472 3540 517 3605 ab
545 3541 637 3604 omni
663 3538 737 3621 jure
766 3538 809 3603 ad
839 3536 974 3619 aliquod
1004 3534 1129 3599 bonum
1159 3533 1327 3615 pertinens
1355 3532 1500 3598 fundatis
1529 3535 1563 3597 in
1589 3535 1647 3600 tali

297 3659 435 3724 ecclesia
458 3661 510 3725 vel
533 3660 591 3724 tali
616 3660 698 3738 loco,
719 3669 753 3724 et
776 3658 881 3724 eciam
903 3657 1074 3721 ordinetur
1100 3673 1159 3738 per
1182 3652 1392 3719 fundatorem
1415 3654 1468 3718 vel
1492 3675 1552 3736 per
1572 3675 1648 3737 par·

297 3777 493 3845 liamentum
517 3782 618 3865 regni,
644 3790 682 3846 ut
703 3780 808 3845 haeres
831 3801 888 3844 seu
911 3797 1079 3844 successor
1102 3775 1285 3841 fundatoris
1310 3776 1419 3858 ipsum
1445 3774 1595 3857 expellat
1620 3777 1647 3840 si

297 3904 432 3966 statutis
468 3901 651 3967 fundatoris
686 3901 823 3966 obedire
859 3899 1008 3978 noluerit,
1047 3907 1082 3963 et
1111 3905 1221 3962 careat
1257 3895 1334 3961 talis
1370 3896 1461 3960 omni
1493 3897 1649 3982 suffragio

296 4023 544 4106 appellacionis,
559 4032 597 4088 ut
621 4022 720 4087 nichil
740 4021 802 4087 sibi
820 4020 930 4085 valeat
952 4018 1148 4103 appellacio,
1163 4017 1190 4081 si
1213 4027 1328 4081 contra
1347 4017 1552 4081 voluntatem
1574 4018 1648 4083 fun-

297 4144 423 4210 datoris
453 4144 563 4208 faciat.
621 4143 717 4209 Heul
755 4139 839 4207 heu!
876 4142 967 4224 quod
997 4160 1090 4223 reges
1120 4149 1154 4203 et
1184 4137 1309 4202 domini
1339 4147 1374 4202 et
1406 4138 1552 4221 episcopi
1581 4160 1648 4206 non

297 4265 508 4330 considerant
530 4265 700 4348 quomodo
723 4263 858 4330 clericos
882 4283 959 4327 suos
985 4270 1020 4327 et
1041 4259 1230 4343 capellanos
1252 4267 1286 4324 et
1309 4257 1482 4325 officiarios
1503 4260 1547 4325 de
1572 4281 1648 4342 pro-
