3818 4904
677 457 787 513 LOCI'
801 458 831 512 E
859 458 983 514 LIBRO
1019 459 1170 515 VERITA
1177 460 1276 517 TUM.
1464 507 1473 525 ,
1610 465 1651 536 59

300 674 400 752 videt,
417 683 450 738 ct
473 673 571 737 nichil
595 674 717 738 habere
739 696 852 738 eorum
868 677 901 738 in
917 677 1117 741 consciencia
1137 677 1193 759 qui
1213 678 1246 739 in
1270 677 1341 740 aliis
1367 656 1573 759 correpturus
1589 686 1650 740 est.

302 794 358 858 Sic
382 795 469 857 enim
494 793 648 858 Ezechiel
671 804 799 877 septem
823 796 939 859 diebus
962 797 1048 860 sedit
1073 807 1106 860 et
1127 799 1343 862 consideravit
1365 819 1439 879 quae
1462 799 1593 875 diceret,
1618 808 1651 861 et

301 914 438 998 lugebat
448 935 507 997 pro
519 916 566 978 eis
577 936 717 997 quorum
730 925 867 997 peccata
879 936 990 979 coram
1003 918 1126 980 eisdem
1143 919 1355 1000 redargueret
1371 927 1404 980 et
1417 918 1650 982 manifestaret.

302 1036 382 1099 Post
407 1034 467 1097 hos
488 1045 616 1117 septem
639 1037 711 1099 dies
737 1036 860 1099 factum
882 1045 932 1099 est
950 1037 1086 1099 verbum
1107 1037 1241 1099 Domini
1260 1039 1303 1101 ad
1329 1058 1404 1101 eum
1426 1039 1546 1114 dicens,
1569 1038 1651 1100 ‘Fili

300 1155 459 1218 hominis!
479 1155 717 1237 speculatorem
730 1157 807 1219 dedi
820 1166 854 1220 te
870 1158 983 1220 domui
997 1157 1097 1220 Israel
1113 1167 1146 1221 et
1161 1158 1275 1220 audies
1290 1159 1332 1221 de
1347 1179 1403 1221 ore
1419 1179 1494 1221 meo
1506 1158 1651 1236 verbum,

301 1285 335 1339 et
358 1275 571 1339 annunciabis
594 1277 640 1338 eis
666 1297 710 1339 ex
734 1276 824 1354 me;’
852 1276 1037 1340 Ezechielis
1060 1276 1108 1359 iij⁰
1131 1277 1285 1359 capitulo.
1331 1279 1415 1341 Haec
1444 1278 1488 1340 ibi
1518 1287 1652 1341 sanctus

301 1396 419 1459 doctor
433 1395 629 1476 Jeronimus.
673 1396 811 1460 Videret
833 1417 912 1479 ergo
935 1397 1128 1480 speculator,
1148 1399 1207 1460 ie.
1223 1397 1362 1479 quilibet
1380 1398 1452 1460 aliis
1472 1399 1652 1479 praesidens

302 1517 412 1580 studio
435 1526 468 1580 et
490 1518 642 1580 oracione
663 1538 737 1599 quae
757 1518 821 1580 Dei
841 1528 927 1596 sunt,
948 1528 981 1582 et
1004 1528 1082 1582 tunc
1105 1519 1262 1582 audacter
1282 1539 1321 1582 ea
1342 1520 1473 1596 diceret,
1495 1518 1652 1600 exemplo

303 1636 395 1701 Uriae
407 1638 581 1720 prophetae
594 1637 738 1715 Domini,
751 1659 851 1720 quem
866 1640 971 1703 occidi
986 1639 1064 1702 secit
1080 1659 1139 1703 rex
1151 1638 1248 1720 Judae
1260 1639 1423 1720 Joachim,
1439 1649 1473 1703 et
1488 1639 1652 1729 principes

302 1759 361 1836 sui,
378 1778 438 1839 pro
452 1757 552 1820 verbo
572 1758 637 1820 Dei
652 1760 743 1841 quod
764 1759 975 1840 praedicando
998 1767 1139 1823 testatus
1155 1769 1214 1834 est,
1231 1759 1287 1841 qui
1302 1760 1417 1822 videns
1433 1738 1573 1822 mortem
1590 1759 1652 1821 sibi

303 1878 410 1960 parari
440 1877 668 1942 nichilominus
697 1878 894 1960 loquebatur
923 1901 996 1961 quae
1021 1880 1178 1962 praecepit
1204 1878 1296 1942 Deus
1329 1900 1387 1943 nec
1413 1880 1553 1943 mutavit
1579 1899 1654 1942 sen·

302 2000 445 2063 tenciam
462 2019 522 2080 pro
539 2000 718 2062 evitacione
734 2001 859 2063 mortis
908 1999 992 2063 Haec
1009 1999 1346 2081 SanctusJeronimus
1361 2000 1446 2064 libro
1461 2021 1521 2062 suo
1538 2000 1654 2082 quinto

303 2139 402 2201 super
418 2118 607 2200 Jeremiam.
653 2119 747 2182 Missi
770 2121 857 2181 enim
881 2141 900 2182 a
923 2121 999 2183 Deo
1021 2120 1248 2185 testimonium
1272 2120 1445 2202 perhibent
1466 2120 1567 2183 verbo
1589 2120 1652 2182 Dei

303 2241 346 2304 de
372 2240 435 2303 hiis
462 2260 666 2322 quaecunque
692 2241 806 2304 vident
837 2242 880 2304 ad
910 2240 1176 2304 annunciandum
1203 2240 1285 2315 aliis,
1315 2241 1470 2322 exemplo
1493 2240 1654 2321 Johannis

303 2361 336 2423 in
352 2359 559 2443 Apocalypsi
575 2370 609 2424 et
624 2360 769 2442 Antipas
784 2361 843 2423 viri
862 2362 967 2425 sancti
984 2362 1040 2443 qui
1061 2363 1155 2424 testis
1172 2361 1245 2439 Dei,
1268 2361 1289 2423 i.
1302 2381 1328 2425 e.
1352 2361 1465 2423 martir
1488 2360 1561 2437 Dei,
1578 2360 1653 2423 ideo

303 2481 336 2544 in
363 2480 570 2571 Apocalypsi
594 2500 615 2543 a
640 2481 786 2544 Domino
811 2481 919 2544 dictus
944 2491 1004 2556 est,
1032 2490 1176 2544 testante
1201 2479 1321 2561 angelo
1349 2479 1473 2543 Sancto
1498 2479 1652 2560 Johanni.

303 2600 517 2664 Annunciare
539 2610 650 2664 autem
675 2612 806 2665 tenetur
819 2601 1026 2665 voluntatem
1046 2601 1110 2664 Dei
1133 2610 1265 2663 curatus
1287 2608 1457 2682 oportune,
1473 2609 1507 2662 et
1531 2600 1653 2681 impor-

303 2730 391 2800 tune,
417 2722 494 2804 quia
524 2731 609 2785 teste
640 2721 763 2786 Sancto
793 2722 991 2805 Augustino,
1025 2722 1057 2784 in
1089 2720 1250 2785 Sermone
1280 2721 1312 2782 in
1349 2720 1403 2783 die
1434 2720 1653 2783 anniversaria

302 2843 522 2906 ordinacionis
537 2863 605 2905 suae
621 2842 653 2904 in
674 2843 885 2925 episcopum:
911 2841 1051 2906 ‘Servus
1066 2861 1208 2922 nequam
1225 2838 1353 2903 Mathei
1368 2839 1523 2904 vicesimo
1538 2840 1654 2922 quinto

304 2964 379 3026 ideo
403 2964 604 3044 dampnatur
624 2963 700 3045 quia
724 2984 790 3026 non
813 2963 905 3026 dedit
928 2962 1103 3045 pecuniam
1123 2961 1247 3025 domini
1268 2960 1318 3023 sui
1342 2960 1385 3023 ad
1413 2981 1571 3040 mensam,
1594 2961 1655 3024 i.e.

303 3085 429 3147 donum
446 3083 510 3146 Dei
530 3093 563 3146 et
578 3083 713 3146 verbum
731 3083 794 3146 Dei
818 3083 880 3145 sibi
895 3083 1051 3146 collatum
1073 3083 1106 3144 in
1128 3103 1205 3144 usus
1220 3080 1369 3157 aliorum,
1385 3082 1473 3144 unde
1490 3081 1654 3144 Dominus

304 3204 333 3266 ei
345 3205 440 3281 dixit,
452 3206 469 3234 “
479 3202 597 3285 Quare·
607 3224 672 3267 non
688 3203 808 3266 dedisti
824 3203 998 3287 pecuniam
1018 3198 1156 3280 meam‚'’
1179 3202 1199 3263 i.
1211 3222 1238 3266 e.
1250 3201 1396 3279 verbum,
1410 3201 1509 3264 “aliis
1525 3211 1561 3265 ut
1577 3201 1655 3264 inde

304 3323 395 3387 lucro
425 3324 585 3387 bonorum
612 3342 749 3405 operum
779 3325 811 3386 in
836 3322 960 3405 judicio
990 3322 1159 3405 exigerem
1183 3322 1226 3385 ab
1253 3317 1427 3385 eisdem?''
1459 3330 1554 3384 tuum
1585 3329 1655 3383 erat

304 3444 440 3508 verbum
472 3464 628 3525 erogare3
666 3444 730 3507 Dei
769 3453 819 3507 est
856 3445 978 3507 bonam
1008 3444 1111 3507 vitam
1148 3444 1281 3525 exigere
1319 3450 1524 3524 erogatorem
1554 3441 1655 3505 verbi.

306 3565 420 3628 Posuit
441 3564 532 3627 Deus
558 3564 817 3645 praedicatorem,
839 3585 904 3627 non
931 3573 1120 3627 exactorem
1147 3564 1244 3627 bonae
1270 3562 1348 3627 vitae
1374 3563 1408 3625 in
1433 3561 1523 3626 aliis'
1569 3561 1654 3624 Haec

305 3687 350 3748 ibi
374 3684 518 3750 Sanctus
532 3683 750 3767 Augustinus,
769 3695 803 3749 et
825 3685 937 3749 subdit
958 3684 1076 3749 doctor
1097 3685 1229 3762 ibidem,
1251 3683 1369 3747 ‘Forte
1384 3683 1474 3758 dicis,
1497 3703 1562 3744 non
1578 3680 1655 3744 volo

306 3806 493 3891 praedicare,
513 3806 589 3887 quia
607 3805 662 3869 alii
683 3826 749 3868 non
772 3805 948 3888 proficiunt
968 3804 1069 3869 verbo
1091 3806 1180 3888 quod
1204 3805 1370 3886 praedic03
1394 3803 1571 3883 respondet
1594 3801 1655 3865 tibi

306 3927 418 3990 divina
433 3926 592 4007 scriptura
608 3926 696 4007 quod
712 3929 817 3989 nescis
835 3926 968 4008 quando
980 3927 1085 4008 ‘spirat
1098 3925 1240 4008 Spiritus
1254 3925 1327 4000 Dei,
1339 3934 1373 3987 et
1385 3943 1484 4005 quem
1501 3922 1610 4003 spirat,
1622 3932 1656 3986 et

305 4069 417 4112 servus
440 4067 583 4128 nequam
608 4067 673 4110 non
696 4047 896 4129 dampnatus
920 4046 1048 4110 Mathei
1072 4047 1227 4110 vicesimo
1250 4046 1366 4127 quinto
1390 4043 1467 4125 quia
1488 4043 1543 4106 alii
1570 4043 1656 4107 male

304 4171 468 4245 vixerunt,
493 4167 552 4230 sed
578 4168 657 4250 quia
685 4168 757 4231 aliis
783 4169 920 4232 verbum
945 4168 1009 4231 Dei
1037 4188 1102 4231 non
1127 4167 1228 4245 dedit,
1254 4187 1313 4230 nec
1337 4166 1461 4228 donum
1489 4164 1552 4228 Dei
1582 4164 1655 4229 aliis

306 4289 559 4355 communicavit
582 4289 625 4352 ad
649 4311 725 4354 usus
746 4311 805 4374 pro
827 4290 945 4372 quibus
967 4289 1059 4352 Deus
1084 4289 1164 4352 illud
1189 4286 1299 4352 dedit!
1341 4287 1423 4350 Haec
1447 4284 1490 4349 ibi
1513 4285 1656 4350 Sanctus

960 4407 972 4455 l
991 4410 1008 4455 2
