3818 4904
320 381 382 446 228
658 396 882 451 EXCERPTA
910 396 939 448 E
960 397 1054 454 MSS.
1080 396 1333 452 GASCOIGNII.

315 602 470 668 —selliones
495 607 665 671 seminatae
690 629 766 672 cum
792 610 902 687 ordeo,
929 618 963 673 et
989 608 1022 671 in
1052 619 1138 673 terra
1167 610 1222 672 ubi
1249 606 1458 691 archipraesul
1485 604 1668 670 decollatus

319 733 391 788 erat
417 725 478 791 suit
503 728 633 792 ordium
659 730 866 808 seminatum,
890 730 979 811 quod
1006 730 1112 812 pridie
1138 730 1171 792 in
1200 729 1336 793 calamis
1365 728 1407 791 ad
1439 727 1576 791 modum
1605 726 1667 790 susi

318 847 471 927 apparuit
490 856 524 911 et
547 850 685 931 pedibus
706 850 971 914 conculcancium
991 851 1024 913 in
1045 851 1101 914 die
1121 849 1176 913 illa
1193 848 1423 914 decollacionis
1446 847 1517 929 ejus
1537 848 1668 930 penitus

319 965 522 1032 destructum
550 978 628 1048 erat,
652 981 686 1034 et
716 993 755 1035 eo
787 992 852 1035 non
882 972 1046 1049 obstante,
1066 972 1099 1034 in
1130 972 1247 1035 eadem
1278 979 1403 1048 aestate,
1426 971 1553 1051 absque
1582 988 1668 1032 novo

318 1087 444 1150 semine
467 1099 499 1153 et
522 1091 648 1172 absque
674 1113 774 1174 opere
800 1091 954 1169 human0‚
979 1092 1071 1155 Deus
1093 1091 1160 1156 tale
1185 1091 1424 1154 incrementum
1450 1089 1545 1154 dedit
1570 1109 1669 1172 super

317 1225 527 1271 communem
558 1231 654 1273 usum
684 1223 809 1274 naturae
838 1212 928 1294 quod
959 1212 1076 1295 aliquis
1106 1212 1252 1276 calamus
1282 1211 1437 1294 quinque,
1467 1210 1587 1291 aliquis
1615 1226 1668 1274 ca·

316 1323 424 1389 lamus
457 1327 529 1410 riijor
564 1330 670 1412 spicas
706 1332 795 1394 ordei
834 1333 1001 1414 produxit,
1038 1340 1071 1395 et
1109 1331 1165 1414 qui
1201 1332 1371 1413 pauciores
1405 1329 1566 1412 produxit
1600 1350 1667 1392 non

316 1447 425 1509 minus
457 1468 558 1529 quam
589 1451 673 1514 duos
703 1452 848 1515 calamos
878 1452 1024 1534 protulit.
1071 1451 1116 1515 Et
1141 1452 1259 1515 eodem
1286 1462 1436 1534 tempore
1465 1470 1533 1532 quo
1563 1449 1668 1513 archi-

315 1566 490 1651 episcopus
518 1569 580 1633 suit
610 1571 798 1651 decollatus,
831 1573 995 1638 Henricus
1025 1572 1173 1655 Quartus
1203 1593 1263 1636 rex
1293 1571 1437 1655 Angliae,
1466 1570 1523 1653 qui
1557 1570 1666 1652 ipsum

315 1687 421 1752 occidi
457 1690 624 1773 praecepit,
658 1690 720 1756 fuit
756 1712 928 1775 percussus
961 1692 1108 1756 horribili
1145 1701 1180 1756 et
1217 1692 1362 1775 pessimo
1398 1711 1520 1773 genere
1556 1690 1667 1774 leprae,

313 1809 493 1890 equitando
519 1811 562 1874 ad
589 1810 702 1875 villam
727 1813 770 1876 de
797 1813 908 1895 Ripun
935 1810 969 1876 in
995 1813 1073 1895 ripis
1099 1813 1323 1890 constitutam,
1351 1823 1384 1876 et
1408 1811 1469 1874 suit
1493 1831 1667 1894 percussus

315 1927 495 2011 equitando
517 1951 615 2013 super
637 1931 824 1996 Exsamure
846 1935 931 1997 inter
954 1933 1108 2016 Popiltun
1133 1933 1268 2009 Lid3ate
1293 1941 1326 1996 et
1350 1941 1488 2014 pontem
1509 1941 1666 1996 vocatum

314 2046 438 2112 Sckeet
461 2050 574 2132 bryge,
601 2061 635 2115 et
656 2053 831 2116 videbatur
853 2054 916 2116 sibi
946 2054 1035 2135 quod
1060 2074 1145 2116 unus
1174 2052 1371 2116 sensibiliter
1393 2073 1470 2115 eum
1494 2051 1666 2134 percussit,

314 2175 349 2231 et
374 2167 437 2232 hac
461 2170 504 2233 de
528 2191 634 2247 causa,
659 2182 692 2235 et
717 2193 837 2254 magna
860 2173 971 2255 pluvia
996 2183 1144 2255 urgente,
1167 2173 1370 2254 pernoctavit
1393 2173 1426 2234 in
1449 2171 1527 2235 villa
1548 2181 1667 2236 vocata

315 2285 423 2351 Green
449 2290 627 2354 Hamirton
656 2313 715 2374 per
744 2302 872 2376 septem
902 2293 1059 2357 millearia
1089 2295 1132 2357 ab
1157 2294 1330 2370 Eborac03
1365 2301 1399 2356 et
1426 2293 1458 2354 in
1486 2300 1584 2356 nocte
1610 2292 1667 2356 illa

313 2408 458 2472 horribili
489 2410 607 2474 timore
636 2423 777 2476 vexatus
808 2423 858 2477 est
889 2415 922 2477 in
948 2423 1078 2477 tantum
1111 2415 1200 2496 quod
1231 2414 1375 2477 clamore
1405 2433 1526 2495 magno
1556 2432 1667 2476 came·

313 2532 415 2594 rarios
445 2552 523 2594 suos
553 2533 710 2597 excitavit
741 2535 896 2612 clamans,
926 2533 1152 2598 ‘Proditoresi
1190 2535 1391 2617 proditores!
1427 2535 1537 2615 ignem
1568 2555 1668 2616 super

313 2673 366 2715 me
388 2648 607 2734 projecistis!’
653 2653 734 2735 Igne
758 2654 893 2718 Domini
917 2656 1037 2718 divina:
1061 2656 1197 2719 ulcionis
1219 2666 1253 2720 et
1277 2657 1368 2738 lepra
1395 2655 1570 2718 manifesta
1592 2675 1667 2737 per·

312 2795 425 2838 cussus
450 2786 538 2853 erat3
562 2784 596 2838 et
621 2777 789 2840 camerarii
811 2777 870 2853 sui,
885 2797 945 2858 pro
968 2776 1111 2841 clamore
1133 2778 1218 2860 regis
1240 2787 1419 2861 surgentes,
1434 2776 1545 2840 omnia
1569 2775 1666 2840 lumi·

313 2903 404 2964 naria
428 2903 461 2964 in
488 2922 617 2966 camera
644 2911 678 2964 et
702 2899 735 2961 in
760 2901 861 2963 domo
891 2897 962 2960 sine
989 2897 1112 2961 lumine
1139 2907 1172 2962 et
1198 2900 1269 2963 sine
1296 2899 1372 2980 igne
1399 2898 1601 2976 invenerunt,
1631 2909 1667 2963 et

313 3020 376 3084 sibi
399 3021 537 3085 triacum
558 3022 590 3084 in
613 3022 691 3084 vino
711 3029 831 3084 vocato
852 3039 972 3101 vernys
994 3020 1173 3098 dederunt3
1205 3028 1239 3083 et
1262 3021 1294 3082 in
1317 3020 1461 3083 crastino
1483 3019 1526 3081 ad
1551 3017 1665 3101 Ripun

313 3140 481 3223 equitavit,
502 3141 557 3204 ubi
585 3141 706 3204 mansit
727 3139 875 3202 infirmus
898 3160 958 3221 per
979 3149 1108 3220 septem
1132 3140 1212 3204 dies.
1257 3139 1303 3203 Et
1324 3139 1480 3220 magister
1502 3137 1665 3222 Georgius

314 3261 481 3333 Plumtun,
512 3262 569 3342 qui
602 3262 710 3343 ipsum
741 3260 795 3323 die
824 3269 942 3323 octava
977 3260 1144 3341 praedictae
1177 3259 1408 3323 decollacionis
1440 3259 1533 3334 vidit,
1565 3259 1665 3324 michi

312 3383 400 3447 dixit
424 3390 458 3446 et
477 3381 609 3462 juravit,
632 3382 721 3463 quod
746 3382 778 3443 in
801 3380 883 3444 facie
906 3401 966 3443 sua
989 3389 1024 3444 et
1045 3380 1077 3443 in
1101 3381 1253 3444 manibus
1279 3380 1407 3464 praesati
1431 3379 1526 3463 regis,
1552 3380 1585 3442 in
1609 3380 1665 3446 die

312 3502 369 3566 illa
398 3511 525 3576 octava,
549 3521 688 3584 magnas
714 3500 865 3583 pustulas
894 3501 1042 3583 leprosas
1071 3501 1162 3580 vidit,
1193 3522 1268 3583 quae
1297 3500 1489 3583 pendebant
1519 3500 1553 3562 in
1582 3499 1665 3565 facie

311 3623 398 3705 regis
421 3632 455 3686 et
476 3623 508 3685 in
528 3622 688 3701 manibus,
705 3631 739 3685 et
761 3623 992 3704 prominebant
1014 3623 1109 3704 quasi
1132 3622 1242 3705 capita
1262 3620 1494 3685 mamillarum.
1539 3620 1586 3684 Et
1605 3621 1664 3703 qui

311 3744 375 3807 ista
400 3743 483 3808 vidit
512 3743 612 3807 michi
639 3742 865 3807 testimonium
891 3741 1065 3826 perhibuit,
1090 3763 1134 3806 sc.
1157 3741 1347 3825 Stephanus
1373 3740 1584 3823 Cotingham,
1606 3741 1664 3823 qui

311 3864 485 3928 dicebatur
514 3865 617 3928 eciam
649 3863 839 3947 Stephanus
869 3863 1008 3941 Palmer,
1038 3863 1095 3945 qui
1125 3863 1198 3928 haec
1229 3862 1328 3926 michi
1362 3862 1473 3926 retulit
1504 3861 1665 3943 magistro

309 3984 450 4051 Thomae
489 3986 683 4070 Gascoigne,
713 4005 815 4049 sacrae
841 3984 1034 4066 Theologiae
1064 3985 1190 4049 doctori
1221 3983 1374 4049 Oxoniae.
1429 3982 1476 4046 Et
1505 3981 1539 4044 in
1566 3989 1664 4046 nocte

311 4109 413 4174 tercia
442 4120 518 4193 post
548 4108 741 4192 praedictam
772 4105 1030 4171 decollacionem
1060 4105 1213 4188 apparuit
1243 4104 1420 4187 praedictus
1451 4100 1664 4185 archipraesul

309 4230 452 4313 Johanni
482 4229 615 4313 Sybsun
643 4229 675 4292 in
699 4229 800 4292 domo
823 4249 883 4292 sua
909 4227 997 4310 apud
1022 4226 1152 4306 Rocliff,
1176 4224 1368 4309 praecipiens
1392 4224 1501 4288 eidem
1528 4231 1565 4287 ut
1587 4242 1664 4305 pec·
