3818 4904
693 427 791 482 LOCI
817 425 847 478 E
876 426 1000 479 LIBRO
1035 425 1295 480 VERITATUM.
1628 415 1669 500 83

316 662 378 706 nec
404 651 441 707 ut
472 642 560 707 mala
588 662 702 706 eorum
729 641 953 719 reformentur,
980 661 1040 724 pro
1065 633 1184 722 quibus
1209 640 1440 722 dampnantur,
1464 647 1500 704 et
1520 650 1558 705 tu
1585 639 1670 704 forte

316 782 417 827 causa
439 784 485 838 es,
510 784 567 826 seu
593 739 722 826 ¹occasio
750 782 794 840 es,
817 782 918 844 quare
940 762 987 824 sic
1010 760 1167 838 fecerunt,
1190 770 1225 824 et
1240 763 1362 842 quare,
1386 762 1433 824 sic
1459 760 1669 837 decedentes,

316 882 516 947 aetemaliter
552 882 658 965 puniti
690 891 779 945 sunt.
839 882 935 964 Luge
965 901 1052 964 erg0,
1082 881 1159 963 luge
1192 900 1305 944 coram
1337 878 1395 943 illo
1427 879 1573 944 Domino
1603 883 1669 963 qui,

318 1003 420 1066 Lucae
442 1010 484 1083 7⁰,
508 1023 573 1066 non
598 1002 799 1067 habentibus
821 1003 910 1066 unde
934 1002 1118 1076 redderent,
1142 1021 1187 1064 sc.
1211 1001 1245 1063 in
1268 1001 1396 1078 effectu,
1419 996 1557 1065 donavit
1577 1001 1670 1084 pium

315 1122 515 1187 habentibus
545 1143 657 1187 coram
684 1123 761 1187 Deo
790 1124 956 1187 affectum.
1017 1122 1047 1187 Ο
1075 1121 1190 1186 Deus!
1228 1122 1381 1199 concede,
1414 1133 1452 1186 ut
1481 1122 1670 1186 sacerdotes

317 1252 405 1307 recte
428 1244 643 1319 considerent,
669 1243 837 1325 quomodo
865 1244 958 1307 Deus
987 1243 1145 1324 praecepit
1170 1241 1330 1325 apostolis
1360 1263 1425 1306 non
1457 1242 1565 1305 solum
1592 1262 1670 1325 pec·

315 1370 391 1427 cata
432 1364 599 1428 remittere
634 1364 706 1439 hiis,
738 1364 794 1446 qui
824 1363 887 1428 hoc
916 1385 993 1428 vere
1028 1373 1224 1441 meruerunt,
1255 1363 1314 1427 sed
1344 1363 1449 1426 eciam
1480 1363 1571 1445 quod
1604 1381 1669 1426 non

316 1483 521 1547 remitterent
547 1505 654 1566 neque
682 1485 899 1562 absolverent,
927 1485 988 1547 nisi
1015 1505 1114 1566 quem
1141 1484 1279 1565 dignum
1307 1503 1327 1546 a
1353 1482 1429 1548 Deo
1455 1481 1582 1546 absolvi
1611 1502 1671 1564 per

316 1604 502 1668 evidencias
528 1604 708 1668 crederent.
754 1605 856 1669 Unde
880 1604 1041 1686 Johannis
1064 1622 1114 1679 20,
1139 1604 1228 1667 Xtus
1252 1623 1320 1666 non
1346 1603 1452 1667 solum
1479 1602 1567 1666 dixit
1590 1623 1671 1684 apo·

315 1723 419 1799 stolis,
435 1729 591 1807 ‘quorum
615 1725 785 1788 remisistis
805 1734 941 1806 peccata
963 1721 1191 1803 remittuntur‚’
1207 1724 1275 1802 sed,
1291 1731 1448 1807 ‘quorum
1471 1723 1671 1787 retinueritis

315 1854 453 1927 peccata
476 1852 605 1909 retenta
626 1842 723 1909 sunt'
767 1846 870 1909 Teste
893 1847 981 1909 enim
998 1845 1123 1910 Sancto
1137 1845 1328 1923 AmbrosiO,
1343 1845 1427 1909 libro
1448 1844 1593 1908 secundo
1615 1843 1670 1907 De

318 1965 530 2042 Poenitencia,
553 1964 696 2030 Sanctus
718 1966 835 2030 Petrus
856 1965 1051 2049 Symonem,
1074 1965 1224 2031 Actuum
1245 1963 1287 2045 8⁰,
1310 1986 1377 2030 non
1397 1965 1548 2043 absolvit,
1570 1983 1670 2047 quem

315 2087 349 2148 in
378 2085 586 2168 obligacione
616 2087 797 2169 iniquitatis
831 2107 964 2150 manere
997 2088 1236 2168 pronunciavit.
1290 2086 1393 2150 Teste
1424 2088 1512 2151 enim
1544 2085 1670 2150 Sancto

313 2206 507 2284 Ambrosio,
523 2206 577 2269 De
594 2207 805 2281 Poenitencia,
823 2217 938 2271 contra
956 2208 1126 2272 Novatum
1146 2207 1348 2285 haereticum,
1364 2217 1398 2270 et
1420 2206 1490 2289 ejus
1512 2225 1671 2288 sequaces

315 2327 537 2404 Novacianos,
561 2327 714 2391 sacerdos
736 2328 838 2390 alium
862 2329 1000 2392 audiens
1023 2329 1057 2391 in
1079 2323 1285 2393 consessione
1312 2339 1345 2393 et
1371 2329 1480 2411 ipsum
1502 2327 1671 2408 decipiens

316 2447 394 2531 quia
415 2447 486 2510 sine
516 2446 631 2511 debita
656 2447 862 2512 consessione
891 2449 999 2530 ipsum
1021 2449 1178 2513 vocaliter
1207 2448 1358 2523 absolvit,
1383 2447 1439 2529 qui
1463 2468 1484 2510 a
1507 2446 1582 2510 Deo
1612 2446 1671 2509 ab·

314 2567 444 2630 solutus
474 2588 540 2630 non
571 2577 630 2641 est,
662 2587 728 2630 non
758 2569 866 2650 ipsum
895 2567 1066 2633 hominem
1092 2590 1113 2632 a
1138 2571 1283 2652 peccatis
1309 2568 1412 2646 exuit,
1438 2568 1497 2631 sed
1524 2566 1669 2648 seipsum

315 2688 521 2752 sacerdotem
552 2689 584 2750 in
615 2698 787 2770 peccatum
821 2689 938 2767 induit,
967 2690 1045 2772 quia
1074 2691 1227 2754 sacerdos
1262 2700 1378 2772 peccat
1407 2690 1485 2770 quia
1520 2687 1669 2750 debitum

315 2830 411 2873 suum
435 2829 546 2873 coram
563 2810 638 2872 Deo
661 2831 727 2873 non
751 2810 851 2889 sacit3
875 2811 959 2875 sorte
981 2811 1023 2874 ad
1048 2811 1181 2876 archam
1203 2812 1339 2875 Domini
1362 2831 1437 2874 cum
1461 2810 1581 2892 Moyse
1604 2829 1670 2872 non

316 2931 465 3003 cucurrit,
492 2930 536 2995 ad
564 2932 780 3012 quaerendum
801 2931 938 2994 Domini
963 2931 1170 2995 voluntatem
1194 2943 1228 2997 et
1252 2950 1467 3012 responsum;
1497 2929 1517 2993 i.
1533 2951 1562 2994 e.
1586 2928 1670 2993 forte

316 3073 384 3116 non
408 3051 561 3135 quaesivit
585 3053 618 3115 in
641 3062 762 3129 mente,
784 3073 846 3116 nec
868 3054 1063 3136 scripturam
1087 3053 1242 3130 divinam,
1257 3072 1318 3116 nec
1339 3060 1528 3116 sanctorum
1547 3053 1670 3133 scripta

316 3173 534 3255 investigavit,
563 3182 601 3237 ut
630 3175 728 3239 sciret
757 3175 836 3257 quid
870 3175 1031 3240 confitens
1060 3175 1168 3240 facere
1197 3184 1328 3238 tenetur
1356 3195 1468 3240 coram
1500 3175 1575 3237 Deo
1608 3193 1670 3254 pro

315 3295 412 3359 venia
432 3303 466 3358 et
485 3294 592 3378 gloria
611 3295 774 3373 habenda,
790 3317 851 3360 nec
874 3298 1061 3362 considerat
1087 3319 1129 3361 ne
1151 3296 1318 3360 sentencia
1338 3318 1398 3360 sua
1419 3299 1453 3360 in
1468 3296 1670 3361 absolvenda

315 3419 360 3482 sit
382 3418 546 3481 contraria
567 3419 745 3481 sentenciae
765 3419 829 3482 Dei
852 3420 886 3482 in
909 3418 1003 3498 coelo,
1019 3440 1080 3483 nec
1103 3418 1317 3483 confitentem
1341 3420 1491 3500 ignarum
1514 3417 1669 3482 informat

315 3537 430 3601 debite
455 3537 498 3601 de
522 3537 678 3601 cavendis
702 3548 736 3602 et
760 3539 803 3602 de
829 3539 1020 3603 necessariis
1047 3539 1164 3603 fiendis
1190 3560 1250 3622 pro
1277 3538 1385 3603 salute
1406 3549 1529 3603 aeterna
1555 3559 1670 3603 conse·

316 3658 476 3740 quenda3
513 3659 572 3723 sed
606 3668 703 3740 putat
733 3680 769 3722 se
804 3680 902 3741 posse
935 3660 1106 3725 hominem
1136 3661 1318 3737 absolvere,
1349 3662 1376 3725 si
1410 3663 1479 3744 ipse
1516 3660 1670 3724 sacerdos

316 3779 465 3858 voluerit,
494 3781 645 3862 quamvis
674 3780 739 3845 alia
769 3782 926 3864 requisita
955 3803 1066 3846 coram
1097 3783 1171 3846 Deo
1201 3785 1332 3858 desunt,
1357 3791 1391 3846 et
1421 3780 1582 3846 confitens
1610 3782 1670 3844 ali-

316 3901 452 3983 quando
481 3910 606 3985 peccat,
630 3902 686 3985 qui
716 3904 889 3968 veritatem
911 3906 989 3968 vitae
1014 3906 1058 3969 ad
1089 3926 1188 3988 quam
1215 3914 1347 3968 tenetur
1375 3923 1572 3986 cognoscere
1602 3923 1668 3966 non

316 4032 418 4101 curat,
442 4044 503 4088 nec
529 4023 667 4089 laborat.
723 4026 804 4090 Ideo
830 4026 857 4089 si
883 4027 1015 4090 veniam
1038 4025 1161 4091 habere
1187 4047 1207 4090 a
1235 4028 1309 4091 Deo
1334 4026 1482 4100 velimus,
1510 4024 1668 4089 iaciamus

315 4166 392 4227 quae
415 4145 581 4208 Dominus
603 4148 769 4229 praecepit,
787 4148 900 4212 Ysaiae
922 4148 1030 4229 primo
1050 4156 1112 4226 ca⁰,
1134 4149 1326 4213 ‘Lavamini
1351 4158 1385 4212 et
1406 4147 1520 4211 mundi
1544 4147 1668 4222 estote,’

317 4265 337 4328 i.
355 4287 384 4329 e.
411 4267 456 4330 sic
482 4267 686 4332 mundemini
710 4291 731 4333 a
754 4280 900 4352 peccato,
928 4279 964 4334 ut
988 4291 1065 4334 vere
1090 4280 1124 4336 et
1147 4273 1272 4355 integre
1299 4272 1413 4336 mundi
1440 4272 1519 4351 sitis,
1542 4274 1588 4337 sic
1610 4274 1667 4338 de·

962 4389 989 4436 M
1008 4392 1026 4439 2
