3818 4904
667 430 766 486 LOCI
791 431 821 483 E
850 429 974 484 LIBRO
1010 429 1269 486 VERITATUM.
1588 439 1650 504 209

291 647 482 732 Augustini,
509 649 624 715 Sancti
652 670 748 731 papae
778 648 936 731 Gregorii,
965 657 999 713 et
1025 648 1164 712 aliorum
1192 660 1379 715 sanctorum
1404 659 1438 713 et
1464 650 1648 725 doctorum,

291 770 435 834 innitens
458 791 526 833 suae
551 771 692 853 propriae
714 769 907 844 invencioni,
932 777 965 833 et
986 771 1160 834 assercioni
1186 771 1307 854 ingenii
1330 772 1379 834 sui
1403 771 1534 854 proprii,
1558 770 1647 853 quod

292 893 460 974 proprium
489 905 540 956 est
570 891 709 973 paganis
739 901 773 955 et
799 890 968 968 haereticis,
999 898 1085 954 teste
1113 892 1321 956 sanctissimo
1351 892 1520 974 Jeronimo
1550 911 1650 974 super

292 1011 390 1076 Oseae
416 1011 639 1096 propheciam,
662 1017 748 1094 cap0.
772 1010 852 1091 vij⁰;
883 1020 916 1073 et
939 1009 1011 1073 haec
1038 1011 1134 1074 scribi
1162 1012 1195 1074 in
1225 1011 1289 1075 hoc
1320 1012 1413 1086 libro,
1439 1033 1495 1075 seu
1526 1012 1649 1094 scripto

292 1153 375 1206 meo,
405 1133 458 1196 De
487 1132 689 1208 veritatibus,
716 1131 863 1195 collectis
889 1151 933 1194 ex
961 1131 1120 1213 scriptura
1145 1152 1246 1207 sacra,
1275 1141 1368 1197 etex
1396 1133 1524 1215 scriptis
1555 1152 1649 1196 sanc-

290 1261 400 1316 torum
427 1262 461 1317 et
488 1254 670 1329 doctorum,
694 1251 837 1334 judicavi
869 1271 941 1315 esse
972 1250 1053 1314 utile
1083 1253 1251 1315 memoriae
1280 1253 1462 1317 futurorum
1493 1254 1648 1327 virorum,

291 1393 354 1455 ego
379 1374 477 1437 miser
501 1371 651 1435 Thomas
678 1370 873 1453 Gascoigne,
897 1379 1034 1435 vocatus
1063 1372 1180 1436 doctor
1202 1373 1404 1455 Theologiae,
1429 1373 1649 1438 Eboracensis

290 1494 441 1557 diocesis
488 1493 574 1576 Quae
589 1493 676 1556 racio
692 1492 826 1555 inventa
842 1501 893 1555 est
912 1492 955 1555 ab
974 1492 1038 1555 isto
1059 1492 1215 1576 episcopo
1232 1494 1421 1577 Reginaldo
1438 1494 1556 1572 Pecok‚
1572 1515 1648 1576 quae

290 1613 387 1679 latuit
402 1615 525 1678 sanctis
542 1613 715 1695 patribus?
748 1612 841 1677 Sicut
857 1613 973 1695 quaerit
988 1634 1009 1676 a
1024 1614 1183 1695 magistro
1200 1615 1298 1677 Petro
1314 1613 1495 1692 Abelard0,
1511 1615 1648 1697 antiquo

291 1737 459 1817 magistr0,
483 1733 613 1798 novello
636 1733 803 1816 subtilogo
826 1733 1008 1811 Parisiensi,
1025 1745 1157 1798 sanctus
1181 1746 1275 1817 pater
1297 1735 1483 1800 Bernardus
1506 1737 1539 1798 in
1562 1735 1649 1817 epis·

290 1855 359 1919 tola
384 1856 427 1919 ad
451 1857 560 1937 ipsum
586 1855 719 1917 Petrum
746 1853 966 1929 Abelardum,
990 1856 1046 1936 qui
1074 1855 1184 1937 posuit
1210 1856 1299 1937 quod
1325 1856 1380 1919 ille
1406 1858 1471 1921 cito
1498 1866 1533 1921 et
1561 1855 1648 1919 male

289 1977 403 2053 credit,
420 1976 485 2056 qui,
501 1976 572 2038 sine
592 1974 717 2038 ratione
740 1973 881 2039 naturali
905 1973 1021 2057 prima,
1037 1975 1141 2038 credit
1159 1976 1249 2056 quod
1273 1975 1392 2039 falsum
1416 1997 1487 2040 esse
1510 1984 1650 2041 testatur

291 2096 434 2161 Sanctus
461 2095 647 2159 Bernardus
673 2095 706 2157 in
731 2095 885 2176 operibus
911 2094 979 2158 suis
1007 2105 1121 2159 contra
1148 2096 1257 2177 ipsum
1288 2098 1484 2180 magistrum
1512 2097 1647 2163 Petrum

289 2217 508 2282 Abelardum.
556 2216 653 2280 Heu!
681 2215 765 2281 heul
796 2217 886 2299 quod
912 2237 996 2280 unus
1023 2217 1171 2280 novellus
1199 2218 1374 2299 episcopus
1401 2219 1526 2283 diceret
1556 2219 1646 2301 quod

289 2338 431 2421 apostoli
456 2338 536 2420 Jesu
562 2338 622 2403 Xti
654 2357 720 2399 non
743 2336 891 2400 lecerunt
915 2335 1094 2400 simbolum
1122 2357 1306 2412 commune,
1335 2348 1491 2402 vocatum
1515 2337 1647 2402 Simbo·

289 2458 360 2522 lum
377 2458 630 2541 Apostolorum.
678 2455 821 2522 Sanctus
842 2455 1034 2532 Atanasius,
1056 2455 1307 2520 Alexandrinus
1332 2459 1514 2540 episcopus,
1532 2466 1648 2523 eontra

290 2578 458 2655 Arrianos,
488 2579 635 2656 Fotinos,
658 2587 692 2641 et
716 2577 932 2655 Sabellianos‚
964 2597 1075 2641 coram
1109 2578 1214 2659 probo
1240 2576 1353 2659 judice
1385 2588 1527 2643 testatur
1555 2579 1646 2661 quod

293 2717 331 2765 12
356 2700 499 2783 apostoli
526 2700 605 2781 Jesu
634 2698 694 2761 Xti
719 2698 854 2761 Domini
887 2699 990 2761 nostri
1021 2697 1167 2762 fecerunt
1198 2698 1279 2762 illud
1310 2699 1503 2762 cimbolum.
1550 2699 1647 2762 Idem

289 2831 431 2884 testatur
459 2819 602 2884 Sanctus
629 2819 701 2883 Leo
730 2839 826 2901 papa,
854 2820 885 2881 in
913 2819 996 2883 libro
1022 2818 1247 2901 Epistolarum
1275 2840 1416 2894 suarum,
1444 2822 1477 2883 in
1508 2819 1648 2902 epistola

289 2962 349 3004 sua
380 2943 480 3004 missa
513 2942 555 3005 ad
588 2939 794 3004 Pulcheriam
826 2938 1026 3022 Augustam.
1089 2941 1183 3004 ldem
1220 2949 1361 3004 testatur
1390 2941 1478 3004 idem
1514 2948 1647 3005 sanctus

290 3082 378 3143 papa
401 3061 472 3124 Leo
499 3063 531 3124 in
555 3061 695 3143 epistola
718 3062 761 3124 ad
786 3061 994 3123 Flamianum
1022 3061 1214 3142 episcopum
1239 3059 1545 3143 Constantinopolis
1570 3061 1647 3124 civi·

290 3183 377 3259 tatis,
405 3183 498 3265 cujus
531 3183 680 3265 epistolae
710 3183 820 3257 verba,
852 3203 895 3246 sc.
919 3180 976 3245 ‘Si
1003 3182 1076 3263 quis
1107 3183 1353 3261 contradixerit,
1375 3182 1553 3248 anathema
1583 3177 1647 3256 sit,'

290 3305 397 3386 inquit
420 3306 590 3368 decretum
615 3303 805 3367 universalis
826 3303 972 3367 ecclesiae
994 3304 1055 3366 sub
1080 3301 1213 3402 Gelasio
1236 3325 1333 3387 papa,
1350 3314 1383 3368 et
1405 3304 1483 3367 illud
1505 3303 1647 3367 habetur

294 3436 332 3504 15
359 3425 573 3489 distinccione
600 3433 715 3489 sancta
743 3425 897 3488 Romana
924 3423 1069 3488 ecclesia.
1127 3424 1223 3499 Item,
1251 3434 1385 3489 sanctus
1411 3425 1528 3488 doctor
1552 3423 1646 3505 Jero-

290 3546 407 3622 nimus,
424 3546 456 3608 in
480 3546 563 3609 libro
585 3566 646 3608 suo
668 3547 711 3608 ad
734 3545 953 3608 Laurencium
977 3541 1091 3628 (quem
1115 3542 1234 3607 librum
1258 3544 1419 3609 Sanctum
1438 3544 1645 3626 Jeronimum

289 3664 406 3730 iecisse
436 3665 549 3730 scribit
578 3665 695 3730 doctor
723 3665 892 3747 Johannes
921 3664 1059 3728 Audree
1088 3666 1122 3728 in
1153 3685 1213 3729 suo
1242 3664 1475 3746 Jerominian0,
1515 3666 1534 3727 i.
1551 3685 1580 3727 e.
1611 3665 1644 3726 in

290 3785 374 3850 libro
397 3808 457 3850 suo
474 3786 527 3850 De
550 3786 703 3849 laudibus
727 3786 924 3849 sanctissimi
946 3783 1129 3870 Jeronimi),
1145 3794 1286 3850 testatur
1312 3803 1349 3849 12
1373 3784 1542 3868 apostolos
1567 3785 1645 3847 sirn-

289 3907 404 3971 bolum
423 3905 503 3970 illud
527 3907 670 3970 edidisse
692 3917 769 3989 post
791 3908 970 3970 adventum
995 3905 1137 3988 Spiritus
1161 3905 1275 3970 Sancti
1298 3907 1332 3968 in
1353 3927 1410 3970 eos
1433 3907 1466 3969 in
1489 3907 1543 3970 die
1562 3905 1646 3969 Pen-

290 4038 441 4106 tecostes‚
464 4037 498 4092 et
519 4027 665 4092 fecerunt
689 4027 769 4091 illud
790 4036 969 4111 antequam
994 4028 1178 4092 abinvicem
1205 4028 1348 4110 separati
1376 4034 1480 4100 erant,
1502 4034 1538 4090 ut
1561 4026 1646 4090 irent

290 4148 333 4212 ad
357 4148 605 4231 praedicandum
630 4148 662 4211 in
685 4148 775 4212 orbe.
823 4149 892 4212 Iste
914 4149 1097 4232 episcopus,
1120 4149 1154 4211 in
1181 4148 1263 4212 libro
1291 4169 1350 4211 suo
1375 4148 1429 4210 De
1454 4146 1529 4224 fide,
1551 4156 1646 4230 parte

290 4269 406 4353 prima,
430 4276 492 4333 ca⁰.
518 4268 577 4351 iij0,
603 4270 683 4334 dicit
707 4270 797 4353 quod
822 4271 855 4333 in
881 4270 979 4333 dictis
1007 4269 1154 4352 Gregorii
1182 4277 1258 4333 sunt
1284 4267 1404 4332 diversi
1430 4266 1587 4347 defectus,
1612 4278 1646 4333 et

939 4388 960 4436 E
977 4396 996 4437 e
