3818 4904
295 423 337 490 74
670 417 768 471 LOCI
792 416 821 468 E
850 415 973 469 LIBRO
1009 415 1267 469 t'EnJTATtttr.

293 630 452 713 Colligite
479 650 566 712 ergo,
591 629 622 694 O
648 630 856 693 ecclesiastici
889 638 922 692 et
951 627 1111 711 religiosi!
1143 628 1327 710 fragmenta
1353 628 1585 708 scripturarum
1611 633 1644 686 et

295 752 517 829 sciendarum,
550 771 591 814 ne
621 761 767 833 pereant.
813 747 966 826 ‘Scribe'
996 751 1100 831 inquit
1127 750 1264 831 angelus
1290 759 1423 812 sanctus
1443 746 1586 829 Johanni
1611 746 1644 806 in

295 870 500 955 Apocalipsi‚
517 875 575 935 ‘ea
596 893 671 955 quae
694 868 808 936 vides?
852 871 976 935 Totum
1000 873 1087 934 enirn
1111 871 1283 934 concilium
1302 871 1479 934 Basiliense
1495 868 1646 950 quaesivit

296 1014 356 1076 per
370 993 484 1056 orbem
501 1013 603 1056 unum
625 992 753 1069 librum,
768 992 866 1055 valde
884 993 1111 1069 necessarium,
1126 993 1168 1056 de
1183 994 1285 1073 gestis
1301 993 1333 1054 in
1349 1001 1499 1073 tempore
1514 999 1647 1070 aposto-

295 1113 413 1190 lorum,
429 1124 462 1177 et
479 1133 545 1176 non
566 1113 628 1176 fuit
647 1124 794 1196 repertus
817 1114 951 1195 integer,
967 1114 1024 1176 sed
1042 1124 1221 1195 corruptus,
1238 1115 1270 1176 in
1287 1112 1502 1176 monasteriis.
1547 1109 1647 1171 Tales

298 1350 471 1431 medunt3’
490 1354 524 1416 id
540 1362 601 1430 est,
613 1354 726 1417 oblata
742 1374 801 1435 pro
812 1365 1020 1436 peccatorum
1037 1354 1190 1417 remediis
1206 1354 1375 1436 recipiunt,
1387 1363 1421 1416 et
1433 1352 1546 1415 debita
1562 1370 1648 1412 curae

299 1493 366 1538 non
382 1473 476 1537 fiunt.
522 1473 553 1538 O
570 1483 694 1556 quanta
717 1474 804 1538 bona
822 1475 1006 1537 sanctitatis
1022 1474 1230 1555 provenirent
1246 1495 1289 1536 ex
1306 1474 1375 1535 istis
1391 1472 1486 1535 bonis
1502 1469 1649 1534 ecclesiae

296 1594 458 1658 annexis!
507 1593 575 1658 Sed
598 1594 682 1657 heul
707 1615 782 1658 curn
805 1596 961 1658 sederunt
985 1604 1125 1657 rectores
1148 1604 1181 1657 et
1204 1595 1435 1676 praedicatores
1452 1593 1651 1655 manducare

301 1723 336 1778 et
362 1714 482 1792 bibere,
507 1723 586 1778 tunc
612 1724 749 1797 surgunt
774 1713 886 1777 ludere
913 1723 946 1777 et
976 1714 1103 1796 seipsos
1129 1715 1288 1796 decipere,
1312 1723 1346 1776 et
1375 1713 1513 1776 aliorum
1539 1730 1651 1775 curam

301 1834 479 1916 negligere.
525 1833 556 1898 O
587 1845 712 1918 quanta
741 1835 830 1897 bona
860 1854 960 1915 opera
991 1833 1200 1898 retrahuntur
1229 1856 1249 1897 a
1276 1854 1351 1897 cura
1381 1833 1562 1896 animarum
1593 1851 1652 1913 per

301 1953 607 2037 appropriacionem
641 1953 849 2017 ecclesiarum
878 1966 912 2017 et
941 1955 1183 2018 annexionem!
1239 1953 1327 2016 Vera
1357 1973 1433 2016 cura
1463 1953 1651 2025 destruitur,

303 2082 338 2137 et
364 2072 581 2155 hospitalitas,
607 2083 640 2137 et
671 2073 778 2137 clerici
804 2074 993 2153 exhibendi,
1019 2086 1053 2138 et
1083 2075 1126 2138 ad
1153 2094 1247 2138 curas
1273 2075 1411 2137 vocandi
1436 2094 1457 2136 a
1482 2073 1592 2137 studio
1618 2082 1652 2135 et

301 2214 324 2257 a
346 2214 423 2257 cura
443 2194 637 2257 animarum.
682 2193 889 2258 Sufficiencia
912 2196 1095 2258 dotacionis
1115 2193 1260 2257 ecclesiae
1282 2194 1462 2271 deficiente,
1486 2194 1529 2256 ad
1553 2212 1654 2274 opera

304 2312 438 2378 curialia
453 2324 487 2378 et
504 2315 670 2377 mundana
686 2335 722 2378 se
737 2314 945 2389 transierunt,
957 2325 992 2378 ut
1004 2307 1107 2378 vitam
1123 2336 1217 2378 suam
1232 2316 1265 2378 in
1282 2316 1457 2378 mundanis
1473 2323 1507 2377 et
1523 2313 1654 2377 caducis

305 2434 438 2497 ducant.
484 2433 656 2516 Oquanta
679 2435 766 2498 bona
785 2433 856 2515 jam
879 2435 1088 2499 retrahuntur
1111 2445 1144 2498 et
1166 2436 1386 2512 destruuntur,
1410 2445 1444 2499 et
1466 2443 1548 2516 quot
1568 2433 1655 2496 mala

307 2555 494 2617 nutriuntur
510 2564 543 2617 et
559 2575 624 2617 non
641 2555 847 2618 eradicantur
858 2576 916 2637 per
928 2555 1091 2619 defectum
1106 2576 1191 2618 curae
1207 2556 1389 2619 animarum
1402 2576 1475 2636 quae
1492 2556 1655 2637 praecipue

305 2674 486 2738 destruitur
507 2695 564 2756 per
584 2676 870 2756 appropriaciones
892 2672 1119 2738 ecclesiarum!
1164 2674 1231 2740 Sed
1253 2675 1337 2738 sorte
1357 2676 1479 2751 dicunt,
1495 2675 1656 2740 ‘Oramus

306 2803 343 2857 et
364 2814 477 2877 preces
501 2804 535 2857 et
557 2804 635 2858 vota
655 2794 822 2857 offerimus
845 2815 904 2876 pro
925 2795 1046 2858 talibus
1065 2794 1270 2877 parochianis
1292 2817 1430 2877 quorum
1456 2796 1544 2858 bona
1567 2815 1655 2857 rece·

308 2913 436 2996 pimus.’
482 2912 550 2978 Sed
566 2915 772 2978 considerent
788 2915 876 2996 quod
894 2915 994 2978 verbo
1017 2935 1077 2978 suo
1100 2925 1194 2978 orant
1209 2937 1268 2998 pro
1284 2937 1397 2979 eorum
1413 2915 1606 2991 salvacione‚
1622 2925 1656 2978 et

307 3042 381 3097 turn
407 3054 467 3116 per
490 3034 655 3098 desectum
680 3055 766 3098 curae
789 3044 823 3098 et
849 3056 908 3118 per
932 3036 1153 3099 retraxionem
1175 3036 1336 3100 bonorum
1360 3037 1505 3100 ecclesiae
1528 3037 1659 3100 destru-

309 3163 410 3217 untur
440 3165 473 3218 et
503 3154 712 3219 retrahuntur
747 3175 849 3237 opera
886 3157 1069 3219 necessaria
1106 3155 1203 3218 saluti
1236 3167 1369 3221 aeternae
1407 3156 1656 3238 consequendae,

309 3274 443 3352 scilicet,
468 3276 660 3357 exemplum
684 3275 780 3339 bonae
806 3277 893 3350 vitae,
919 3277 1067 3340 doctrina
1098 3277 1281 3341 necessaria
1304 3288 1337 3341 et
1360 3277 1458 3353 utilis,
1485 3276 1658 3340 consilium

310 3404 447 3467 rectum,
475 3407 509 3460 et
538 3396 699 3459 auxilium
729 3407 843 3460 contra
873 3399 1125 3479 temptaciones,
1150 3408 1184 3460 et
1211 3397 1408 3476 elemosina,
1433 3397 1598 3460 exhibicio
1625 3407 1660 3462 et

311 3525 591 3580 sacramentorum
618 3527 708 3580 recta
735 3516 990 3580 administracio.
1034 3516 1220 3599 Apostolus
1247 3519 1334 3582 enirn
1362 3519 1509 3601 praecipit
1536 3518 1661 3582 elemo-

311 3636 418 3699 sinam
442 3636 510 3700 fieri
537 3659 581 3701 ex
608 3638 704 3700 bonis
726 3658 825 3720 supra
851 3638 1081 3701 necessitatem
1105 3638 1481 3721 superhabundantibus.
1526 3639 1572 3703 Et
1584 3639 1660 3702 ideo

311 3757 412 3820 verbo
433 3767 505 3820 orat
527 3777 587 3839 pro
611 3758 717 3822 salute
740 3757 879 3822 aliorum
903 3769 936 3821 et
959 3758 1047 3821 iacto
1067 3779 1127 3821 suo
1151 3759 1372 3836 destruuntur,
1395 3771 1428 3824 et
1454 3759 1662 3823 retrahuntur

312 3876 400 3939 salus
416 3880 595 3942 eorundem
611 3888 645 3943 et
660 3899 761 3961 opera
776 3877 874 3942 saluti
889 3890 1020 3941 aeternae
1037 3880 1217 3943 necessaria
1221 3902 1230 3952 ;
1253 3889 1337 3942 unus
1353 3900 1430 3961 ergo
1447 3879 1613 3943 aedificans
1628 3889 1662 3943 et

313 3995 396 4058 alius
412 3997 591 4077 destruens,
608 4020 682 4080 quae
702 3999 826 4063 utilitas
840 3999 941 4062 verbo
957 3998 1099 4063 aedificat
1115 4010 1148 4063 et
1163 3998 1258 4063 lactis
1274 4000 1340 4062 suis
1355 4000 1494 4062 salutem
1511 4000 1661 4081 impedit,

314 4117 392 4196 quia
422 4138 531 4183 curam
562 4120 745 4183 animarum
776 4120 924 4183 destruit.
981 4120 1061 4184 Ideo
1088 4120 1241 4183 dominus
1267 4119 1515 4198 Lincolniensis,
1540 4130 1664 4184 sanctae

316 4239 482 4301 memoriae
499 4241 623 4318 doctor,
639 4250 673 4305 et
697 4240 878 4322 episcopus,
896 4240 1062 4304 Robertus
1078 4239 1274 4317 Grossetest,
1292 4243 1324 4304 in
1348 4243 1570 4325 propositione
1593 4263 1664 4318 sua,
