3818 4904
304 395 366 459 226
637 391 857 456 EXCERPTA
885 402 914 453 E
937 400 1033 453 MSS.
1057 396 1312 452 GASCOIGNII.

303 616 346 680 ad
369 626 446 681 tunc
469 617 649 699 justiciario
672 616 842 699 principali
866 614 1009 698 Angliae,
1032 623 1069 677 ut
1092 615 1290 676 sententiam
1314 612 1428 676 mortis
1450 611 1493 675 de
1516 610 1653 694 praesato

303 737 550 820 archiepiscopo
572 737 732 819 proferret
754 747 912 818 tanquam
936 736 978 799 de
1001 735 1167 816 proditore
1195 735 1288 816 regis,
1312 734 1369 816 qui
1394 732 1459 797 hoc
1481 732 1651 805 recusavit,

304 867 338 923 et
364 857 411 920 sic
437 859 499 921 sibi
526 859 715 940 respondit:
749 857 841 920 ‘Nec
864 877 932 933 vos,
955 856 1088 918 domine
1118 855 1163 916 mi
1191 875 1259 932 rex,
1282 874 1341 917 nec
1371 853 1490 936 aliquis
1520 852 1653 916 nomine

304 988 415 1043 vestro
437 987 547 1042 vester
568 978 681 1060 ligeus
703 976 842 1059 potestis
864 976 962 1050 licite,
983 976 1162 1039 secundum
1182 974 1256 1057 jura
1279 974 1379 1057 regni,
1402 974 1546 1056 aliquem
1568 972 1653 1056 epis·

303 1117 426 1181 copum
456 1099 499 1161 ad
530 1108 670 1161 mortem
693 1091 860 1180 judicare?
915 1094 1015 1159 Unde
1048 1095 1222 1177 praelatum
1251 1095 1533 1177 archiepiscopum
1565 1092 1654 1175 judi-

305 1237 381 1283 care
410 1219 546 1282 omnino
575 1218 692 1282 renuit.
736 1217 848 1300 Quare
877 1216 966 1280 idem
996 1237 1056 1279 rex
1086 1216 1133 1278 ira
1162 1215 1349 1279 vehementi
1385 1215 1510 1279 exarsit
1541 1233 1655 1277 versus

306 1339 448 1402 eundem
467 1338 622 1421 judicem,
638 1338 731 1421 cujus
754 1338 913 1401 memoria
934 1337 977 1399 sit
1000 1337 1033 1399 in
1051 1337 1319 1401 benediccionem
1340 1337 1371 1399 in
1393 1336 1513 1401 saecula
1534 1334 1655 1398 saeculi.

307 1457 354 1524 Et
382 1459 495 1524 statim
522 1459 692 1523 mandavit
719 1457 854 1522 domino
875 1455 1043 1520 Willelmo
1067 1455 1230 1540 Fulthorp
1257 1457 1352 1521 militi
1382 1453 1431 1542 et]
1456 1477 1521 1520 non
1545 1455 1677 1537 judici,-

306 1580 340 1643 in
366 1580 532 1644 mandatis
559 1579 661 1656 dedit,
688 1587 725 1643 ut
752 1579 785 1640 in
813 1578 929 1641 eadem
956 1577 1019 1654 die,
1048 1597 1094 1641 sc.
1120 1578 1153 1639 in
1179 1578 1260 1642 feria
1289 1577 1434 1641 secunda
1462 1577 1657 1660 septimanae

308 1698 521 1778 Pentecostis,
552 1720 628 1781 quae
658 1698 720 1762 suit
754 1707 873 1762 octava
904 1697 974 1761 dies
1002 1695 1101 1778 Junii,
1132 1699 1336 1762 sentenciam
1367 1697 1481 1762 mortis
1518 1698 1551 1760 in
1581 1697 1659 1767 aula

306 1819 435 1905 praefatl
458 1820 594 1885 manerii
617 1828 730 1884 contra
752 1818 1044 1900 archiepiscopum,
1061 1839 1161 1901 quem
1180 1819 1310 1884 vocavit
1332 1840 1428 1883 suum
1446 1819 1658 1901 proditorem,

305 1941 476 2025 proferret.
524 1940 633 2018 Unde,
660 1941 740 2003 dum
771 1939 947 2021 praedictus
974 1939 1079 2021 judex
1110 1939 1297 2023 principalis
1320 1939 1507 2003 Willelmus
1534 1937 1659 2003 Gascoss

307 2061 385 2144 igne
411 2061 445 2124 in
469 2060 627 2125 comitatu
655 2059 799 2123 Eboraci
826 2068 932 2134 natus,
959 2060 1001 2123 de
1031 2059 1107 2123 aula
1134 2061 1249 2138 exiret,
1272 2061 1450 2144 praedictus
1472 2059 1659 2124 Willelmus

307 2181 470 2263 Fulthorp
494 2182 526 2244 in
549 2179 622 2244 loco
641 2180 761 2261 judicis
784 2180 870 2244 sedit
894 2190 928 2245 et
950 2180 1233 2264 archiepiscopum
1252 2181 1357 2264 Scrop
1380 2191 1459 2246 ante
1481 2202 1517 2244 se
1539 2180 1660 2245 adduci

307 2301 477 2386 praecepit.
522 2301 568 2365 Et
593 2300 840 2383 archiepiscopo
871 2320 981 2364 coram
1009 2323 1049 2365 eo
1077 2303 1166 2365 nudo
1193 2303 1301 2384 capite
1328 2311 1446 2380 stante,
1472 2302 1557 2367 hanc
1585 2320 1659 2366 sen-

308 2422 451 2487 tenciam
483 2422 606 2499 mortis,
637 2421 708 2504 ipso
738 2421 894 2485 audiente
925 2431 958 2485 et
994 2423 1145 2486 omnibus
1175 2423 1472 2498 circumstantibus,
1503 2421 1660 2506 protulit:

308 2541 381 2608 ‘Te
409 2540 741 2623 RicardumScrope
768 2541 963 2604 traditorem
990 2543 1075 2624 regis
1104 2543 1147 2606 ad
1175 2552 1316 2607 mortem
1336 2543 1531 2625 judicamus,
1556 2552 1590 2607 et
1616 2553 1661 2606 ex

310 2672 478 2747 praecepto
508 2664 593 2744 regis
623 2661 779 2725 decollari
810 2661 1024 2726 mandamus!
1069 2662 1154 2745 Quae
1180 2664 1280 2726 verba
1313 2664 1459 2742 audiens,
1485 2663 1663 2746 archiepis-

311 2804 415 2866 copus
438 2783 524 2847 hanc
548 2783 735 2847 oracionem
761 2782 891 2865 puplice
916 2783 1023 2847 dixit:
1059 2784 1172 2847 ‘Deus
1199 2784 1391 2849 misereatur
1417 2785 1536 2848 animae
1567 2804 1661 2860 meae,

309 2904 370 2985 qui
399 2905 461 2968 scit
491 2924 545 2966 me
575 2923 744 2985 nunquam
776 2901 956 2966 intendisse
985 2904 1110 2967 malum
1137 2914 1252 2968 contra
1281 2924 1456 2987 personam
1487 2905 1572 2988 regis
1602 2924 1662 2969 nec

312 3031 428 3087 contra
454 3019 623 3105 regnumt'
669 3022 724 3084 Ex
754 3023 874 3104 quibus
896 3024 1004 3086 verbis
1029 3003 1266 3107 archiepiscopi
1297 3035 1392 3108 patet
1422 3025 1547 3089 famam
1573 3045 1663 3090 com·

304 3163 447 3222 ⁴munem
477 3153 556 3207 tunc
582 3142 682 3206 luisse
710 3164 832 3218 veram,
863 3164 910 3207 sc.
934 3146 1024 3226 quod
1051 3145 1195 3209 intencio
1222 3145 1459 3229 archiepiscopi
1483 3145 1546 3211 suit
1571 3145 1664 3209 adire

313 3283 426 3346 regem
456 3283 532 3328 cum
559 3264 675 3327 ceteris
706 3263 848 3327 dominis
875 3263 931 3345 qui
961 3266 1004 3329 ad
1035 3264 1098 3329 hoc
1129 3275 1373 3345 consenserunt,
1397 3275 1434 3330 ut
1462 3274 1614 3349 peterent
1643 3287 1664 3330 a

311 3404 390 3468 rege
413 3385 683 3450 resormacionem
703 3384 865 3449 malorum
888 3386 921 3448 in
945 3406 1045 3470 regno
1067 3396 1146 3450 tunc
1169 3388 1404 3468 existencium;
1428 3395 1462 3452 et
1485 3388 1563 3472 quia
1585 3397 1665 3453 tunc

311 3505 445 3570 luerunt
468 3506 576 3589 plures
599 3505 823 3570 dissenciones
845 3507 878 3570 in
902 3527 1004 3589 regno
1027 3508 1112 3571 inter
1134 3508 1295 3588 dominos,
1315 3518 1350 3573 et
1371 3508 1558 3592 specialiter
1579 3508 1666 3573 inter

313 3628 486 3692 dominum
503 3627 610 3691 Nevel
632 3637 666 3691 et
685 3626 840 3691 comitem
858 3627 1033 3707 Marchal¹‚
1049 3629 1124 3692 ideo
1147 3629 1411 3713 archiepiscopus
1435 3630 1522 3694 dixit
1539 3629 1665 3713 populo

314 3767 375 3811 suo
397 3748 542 3831 seipsum
564 3749 710 3831 equitare
732 3769 807 3813 cum
829 3749 1058 3826 multitudine;
1081 3758 1115 3813 et
1137 3760 1213 3832 post
1231 3751 1389 3833 praedicta
1406 3751 1507 3814 verba
1527 3751 1665 3815 circum-

314 3869 479 3933 stantibus
502 3870 623 3953 saepius
645 3871 752 3935 dixit:
777 3869 906 3934 ‘Oretis
930 3880 966 3934 ut
989 3871 1199 3953 omnipotens
1216 3868 1308 3935 Deus
1331 3892 1499 3954 nunquam
1521 3872 1667 3937 vindicet

314 4000 457 4055 mortem
481 4011 590 4055 meam
614 3992 647 4054 in
671 4012 747 4074 rege
770 4012 829 4056 nec
853 3993 886 4054 in
909 3991 1010 4069 suis;’
1037 4013 1112 4074 quae
1138 3993 1238 4056 verba
1263 3992 1310 4056 ita
1333 4013 1422 4075 saepe
1446 3992 1600 4075 repeciit3
1631 3982 1666 4058 et

381 4131 443 4226 14Βγ
460 4163 528 4212 these
548 4179 650 4228 persons
668 4163 809 4228 Gascoigne
829 4163 951 4228 probably
968 4180 1052 4213 means
1072 4163 1157 4227 Ralph
1177 4163 1268 4222 Nevill,
1288 4162 1339 4213 first
1358 4161 1409 4212 carl
1429 4163 1459 4212 ol
1473 4161 1666 4237 Westmorland,

314 4241 362 4291 and
375 4243 486 4294 Thomas
499 4246 631 4310 Moubray,
643 4245 694 4296 carl
706 4245 822 4304 marshal,
835 4245 892 4295 who
904 4262 955 4296 was
967 4245 1084 4296 executed
1100 4259 1170 4311 1405.
