3818 4904
685 455 785 510 LOCI
809 455 840 509 E
868 455 994 510 LIBRO
1028 455 1285 511 VERITATUM.
1603 446 1661 530 163

312 683 549 762 Romanomm,
579 696 613 749 et
640 706 718 768 rege
745 685 978 768 Ungariorum
1007 695 1041 749 et
1071 694 1256 767 protectore
1286 686 1391 750 sancti
1421 685 1548 749 concilii
1576 685 1663 750 Con-

309 806 515 869 stanciensis.
561 804 619 868 Ab
642 806 715 889 ipso
738 805 878 870 concilio
902 803 1111 870 Constanciae
1134 805 1302 870 celebrato
1324 826 1412 889 papa
1430 803 1600 885 Johannes
1622 821 1662 887 23

309 926 427 989 subtus
446 925 573 990 auxilio
595 926 688 990 ducis
706 926 863 1002 Austriae,
891 946 978 990 anno
1002 926 1139 989 Domini
1165 939 1256 1006 1415,
1283 947 1386 1010 prope
1409 925 1493 990 iesta
1517 924 1665 989 Pascalia

310 1042 395 1109 clam
413 1045 528 1129 fugam
549 1047 620 1110 iniit
640 1067 660 1110 a
680 1047 813 1111 civitate
831 1045 1049 1124 Constanciae,
1071 1055 1106 1110 et
1126 1057 1239 1111 tamen
1259 1046 1435 1110 concilium
1455 1045 1664 1110 Constanciae

309 1176 548 1249 congregatum
576 1168 697 1231 mansit
725 1168 917 1241 adunatum,
940 1176 974 1230 et
1000 1167 1108 1249 ipsum
1131 1166 1319 1248 Johannem
1342 1187 1464 1250 papam
1488 1166 1665 1248 praedictus

309 1286 417 1350 bonus
447 1287 626 1371 imperator
657 1287 891 1371 Sigismundus
923 1288 967 1350 ad
998 1286 1173 1351 concilium
1208 1286 1416 1352 Constanciae
1446 1285 1600 1363 reduxit3
1630 1291 1665 1348 et

310 1406 419 1489 ipsum
442 1428 566 1491 papam
588 1407 776 1488 Johannem
797 1423 838 1490 23
863 1405 1038 1472 concilium
1066 1406 1146 1471 illud
1173 1427 1302 1471 sacrum
1324 1406 1582 1471 Constanciense
1607 1405 1665 1468 de·

310 1529 429 1610 posuit,
449 1540 484 1593 et
505 1530 631 1594 amovit
648 1550 669 1592 a
686 1537 820 1611 papatu,
842 1537 979 1611 propter
1001 1527 1185 1591 criminales
1209 1549 1333 1607 causas,
1347 1549 1431 1611 quas
1453 1536 1568 1592 contra
1588 1545 1664 1589 eum

309 1647 411 1730 aliqui
435 1639 610 1713 mouerunt
634 1658 667 1713 et
689 1649 913 1731 probaverunt
925 1669 933 1727 ;
960 1657 993 1712 et
1016 1648 1124 1729 ipsum
1142 1647 1331 1729 Johannem
1348 1666 1388 1731 23
1409 1669 1429 1712 a
1451 1656 1577 1731 papatu
1600 1647 1665 1727 pri·

309 1777 424 1832 vatum
447 1767 628 1851 imperator
651 1769 829 1851 praedictus
855 1769 1009 1832 dominus
1033 1767 1274 1850 sigismundus,
1289 1770 1333 1832 ad
1352 1768 1532 1851 jussionem
1559 1765 1664 1829 sancti

310 1889 439 1954 concilii
474 1889 749 1966 Constanciensis,
783 1890 862 1954 iecit
900 1891 933 1953 in
966 1891 1112 1973 quadam
1145 1891 1214 1955 alta
1250 1911 1381 1956 camera
1414 1887 1665 1971 diligentissime

310 2011 476 2075 custodiri.
522 2010 733 2076 Eleccionem
755 2019 870 2074 autem
893 2011 968 2073 novi
995 2031 1101 2094 papae,
1124 2012 1181 2093 qui
1207 2010 1352 2092 Johanni
1376 2016 1432 2092 23ο
1452 2009 1605 2093 deposito
1631 2006 1664 2069 in

310 2133 464 2213 proximo
485 2132 685 2210 succederet,
702 2130 876 2195 concilium
894 2131 974 2194 illud
992 2130 1252 2197 constanciense
1267 2132 1329 2195 sibi
1351 2151 1527 2209 reservans,
1543 2129 1666 2193 seriose

309 2251 478 2335 prohibuit
501 2274 543 2317 ne
563 2254 637 2336 quis
659 2255 769 2336 ipsum
790 2253 981 2334 Johannem
1006 2253 1196 2336 depositum
1218 2264 1277 2318 aut
1294 2253 1491 2336 Gregorium
1512 2249 1585 2331 xijm
1607 2255 1666 2312 aut

310 2373 530 2438 Benedictum
563 2384 633 2457 13¹⁰,
668 2374 758 2457 prius
793 2374 825 2436 in
856 2373 995 2437 concilio
1027 2375 1146 2438 Pisano
1180 2375 1390 2457 dampnatos,
1422 2382 1456 2437 et
1484 2394 1505 2436 a
1534 2389 1666 2434 summo

309 2494 488 2577 praesulatu
512 2504 659 2558 semotos
689 2495 732 2558 de
759 2514 845 2558 novo
868 2495 902 2558 in
928 2515 1050 2577 papam
1073 2494 1217 2578 eligeret,
1243 2504 1301 2559 aut
1322 2495 1366 2558 ad
1395 2494 1473 2558 talis
1494 2489 1667 2574 dignitatis

310 2617 440 2699 apicem
471 2616 676 2693 nominaret3
707 2625 741 2679 et
771 2636 848 2681 ecce
878 2635 919 2679 eo
948 2625 1109 2698 tempore,
1131 2637 1197 2699 quo
1226 2615 1398 2698 Johannes
1428 2633 1468 2697 23
1495 2612 1667 2698 depositus

310 2738 528 2801 detenebatur
549 2736 581 2800 in
602 2737 761 2815 custodia,
781 2745 937 2800 manente
959 2737 1097 2801 concilio
1120 2737 1154 2800 in
1171 2736 1380 2812 Constancia‚
1398 2735 1576 2818 Gregorius
1596 2733 1666 2816 xij⁸,

310 2858 366 2941 qui
387 2859 478 2942 prius
496 2857 558 2921 fuit
576 2880 597 2922 a
612 2856 753 2921 concilio
768 2856 889 2920 Pisano
910 2878 969 2940 per
988 2859 1192 2923 sentenciam
1213 2858 1393 2940 depositus,
1411 2857 1519 2920 missis
1540 2855 1668 2920 nunciis

311 2988 345 3046 et
371 2979 639 3063 procuratoribus
664 2979 708 3041 ad
732 2975 991 3043 Constanciense
1014 2979 1197 3055 concilium,
1221 3000 1321 3043 omne
1344 2977 1398 3060 jus
1427 2978 1517 3060 quod
1545 2977 1607 3041 sibi
1633 2977 1666 3040 in

310 3109 434 3184 papatu
461 3109 652 3181 competere
676 3099 816 3164 credidit
841 3100 874 3162 in
902 3100 1054 3163 manibus
1080 3102 1185 3164 sancti
1209 3099 1337 3165 concilii
1360 3099 1546 3182 resignavit,
1574 3096 1668 3179 cujus

311 3222 571 3305 resignacionem
604 3220 781 3286 concilium
813 3220 1001 3285 venerabile
1034 3242 1100 3285 non
1136 3222 1322 3303 repudians,
1352 3221 1470 3304 ipsum,
1503 3230 1538 3285 et
1563 3219 1668 3285 cardi·

311 3342 404 3407 nales
433 3363 519 3421 suos,
549 3362 634 3425 quos
667 3344 738 3424 ipse
771 3342 804 3405 in
835 3341 1076 3407 cardinalatum
1106 3352 1340 3426 assumpserat,
1373 3343 1406 3405 in
1436 3340 1533 3406 titulo
1563 3342 1668 3408 cardi-

312 3464 442 3529 nalatus
473 3483 609 3528 manere
645 3463 794 3546 graciose
825 3462 995 3546 permisit;
1034 3484 1100 3527 non
1130 3471 1242 3527 autem
1275 3461 1380 3526 multo
1410 3471 1562 3545 tempore
1592 3473 1669 3545 post

311 3584 595 3649 renunciacionem
626 3585 714 3648 idem
746 3580 924 3667 Gregorius
948 3583 995 3666 xij
1024 3584 1129 3648 obiit:
1160 3582 1335 3648 concilium
1365 3592 1476 3646 autem
1505 3582 1669 3648 Constan-

310 3706 427 3784 ciense,
457 3706 573 3770 volens
603 3726 727 3769 novum
757 3726 881 3788 papam
911 3705 997 3789 eligi,
1022 3706 1123 3789 elegit
1152 3715 1259 3770 certos
1288 3704 1479 3783 cardinales,
1504 3703 1670 3785 adjunctis

310 3828 358 3892 eis
387 3827 485 3892 certis
514 3826 763 3891 honorabilibus
788 3828 866 3890 viris
896 3828 938 3891 de
968 3828 1107 3890 nacione
1136 3826 1293 3910 qualibet,
1316 3847 1373 3888 eos
1403 3828 1446 3890 ad
1481 3824 1669 3908 eligendum

309 3968 478 4012 summum
501 3947 676 4030 praesulem
700 3948 856 4013 conclave
880 3950 1002 4014 intrare
1025 3948 1174 4032 permisit
1198 3950 1240 4012 de
1265 3949 1404 4011 nacione
1426 3947 1577 4029 qualibet
1599 3947 1670 4012 illa-

311 4090 383 4133 rum
407 4070 590 4148 nacionum,
611 4069 644 4132 in
665 4091 748 4153 quas
766 4071 874 4154 ipsum
898 4071 1073 4135 concilium
1093 4071 1234 4136 divisum
1256 4069 1327 4133 suit.
1365 4068 1535 4133 Electores
1557 4078 1670 4133 autem

310 4191 474 4273 eligerunt
509 4190 541 4253 in
572 4211 694 4274 papam
730 4190 902 4256 dominum
934 4191 1090 4256 Odonem
1124 4192 1301 4256 diaconum
1336 4189 1546 4269 cardinalem,
1582 4211 1670 4255 anno

312 4309 448 4375 Domini
469 4324 560 4390 1417,
583 4311 616 4374 in
636 4310 692 4376 die
715 4312 831 4378 Sancti
849 4312 985 4376 Martini
1009 4313 1156 4395 episcopi
1181 4323 1214 4376 et
1238 4309 1431 4375 confessoris
1455 4309 1529 4373 Dei.
1567 4310 1670 4374 Anno

960 4429 982 4477 Y
1008 4432 1025 4478 2
