3818 4904
701 437 799 492 noct
826 438 856 491 a
884 437 1009 492 alnao
1045 397 1302 491 VERJTATUM]
1622 437 1683 504 125

330 646 410 710 teris
432 651 594 713 concessis
619 651 915 735 indulgentiarum,
939 651 1002 715 suit
1027 651 1185 733 magister
1211 650 1328 713 Petrus
1351 649 1393 712 de
1417 648 1543 724 Monte,
1565 645 1685 709 artium

330 768 489 849 magister
518 779 553 834 et
577 770 690 853 legum
721 773 846 850 doctor,
874 772 1037 855 superbus
1065 771 1278 836 Lumbardus
1308 769 1414 847 valde,
1441 768 1498 851 qui
1528 768 1685 831 recedens

329 887 374 951 ab
400 887 528 970 Anglia
555 911 631 954 curn
661 891 890 958 innumerabili
919 893 1086 969 thesauro,
1116 892 1255 957 collecto
1285 912 1346 974 pro
1375 890 1492 954 litteris
1522 889 1685 953 concessis

330 1008 614 1092 indulgenciamm
637 1013 814 1096 papalium,
832 1014 956 1096 juravit
977 1034 1175 1096 percorpus
1196 1013 1265 1091 Xti,
1280 1012 1314 1075 in
1335 1012 1514 1094 praesencia
1533 1010 1685 1093 Magistri

330 1128 497 1193 Vincentii
523 1130 687 1208 Clement‚
710 1133 855 1199 doctoris
876 1135 1063 1217 theologiae,
1083 1135 1191 1216 ‘quod
1215 1154 1302 1216 papa
1324 1132 1493 1216 Eugenius
1516 1151 1684 1213 nunquam

330 1248 469 1314 haberet
496 1250 569 1315 illas
598 1255 753 1334 pecunias
783 1255 946 1329 collectas,
979 1256 1040 1318 nisi
1069 1275 1158 1337 papa
1187 1255 1278 1337 prius
1308 1255 1454 1318 mitteret
1484 1252 1545 1316 sibi
1578 1251 1686 1315 bullas

332 1373 440 1453 ipsum
459 1372 593 1435 Petrum
618 1373 687 1438 sore
709 1376 994 1459 archiepiscopum
1016 1375 1301 1439 Mediolanensem
1309 1372 1328 1449 3'
1355 1385 1389 1439 et
1409 1376 1490 1438 istas
1514 1371 1685 1455 indulgen-

332 1492 400 1554 cias
422 1494 584 1557 concessit
608 1495 777 1578 Eugenius
802 1498 958 1562 dantibus
985 1505 1109 1561 certam
1136 1497 1327 1578 porcionem
1352 1496 1514 1558 bonomm
1540 1516 1685 1571 suorum,

333 1623 367 1677 et
391 1633 492 1677 causa
516 1616 642 1679 motiva
665 1619 883 1682 concessionis
907 1639 1003 1701 papae
1029 1616 1091 1681 fuit
1116 1637 1176 1699 pro
1197 1617 1354 1698 expensis
1375 1637 1481 1699 papae,
1503 1637 1586 1699 quas
1608 1616 1686 1681 fecit

333 1733 419 1796 circa
444 1731 579 1798 Graecos
605 1736 715 1800 unitos
745 1738 822 1802 fidei
852 1738 1022 1803 catholicae
1052 1747 1085 1801 et
1116 1737 1279 1800 Romanae
1310 1736 1456 1801 ecclesiae
1486 1737 1519 1799 in
1549 1736 1686 1801 concilio

333 1853 541 1930 Ferrariensi,
561 1855 721 1921 translato
742 1859 784 1922 de
806 1859 928 1923 Basilia
948 1860 990 1923 ad
1010 1859 1215 1937 Ferrariam3
1239 1869 1273 1923 et
1292 1868 1366 1923 tum
1387 1859 1420 1921 in
1440 1858 1565 1942 Anglia
1584 1858 1686 1941 aliqui

333 1975 491 2039 emebant
520 1974 632 2040 literas
661 1977 944 2061 indulgenciamm
974 1991 1009 2045 et
1037 1982 1214 2063 potestatis
1249 1979 1441 2044 absolvendi
1471 1980 1503 2042 in
1533 1979 1688 2043 omnibus

333 2094 465 2159 casibus
489 2117 550 2179 pro
577 2097 706 2161 duobus
728 2099 880 2177 denariis,
905 2110 940 2164 et
971 2100 1073 2184 aliqui
1104 2122 1163 2184 pro
1189 2100 1303 2165 oblatu
1334 2100 1506 2178 cerevisiae,
1530 2110 1563 2163 et
1586 2098 1687 2180 aliqui

333 2235 394 2297 pro
420 2225 497 2279 actu
521 2214 626 2280 fetido
647 2222 783 2302 peccati,
805 2229 839 2285 et
861 2221 962 2304 aliqui
984 2221 1171 2287 habuerunt
1194 2221 1341 2286 calathos
1364 2221 1479 2304 plenos
1502 2221 1544 2285 de
1571 2220 1688 2284 litteris

334 2336 619 2419 indulgenciamm
643 2342 686 2405 ad
709 2342 920 2405 vendendum
944 2363 999 2406 eas
1021 2363 1080 2424 per
1102 2343 1244 2425 patriam
1265 2342 1337 2406 illas
1360 2363 1469 2405 emere
1491 2341 1687 2416 volentibus,

333 2469 369 2523 et
391 2460 526 2523 nomina
548 2481 663 2524 eorum
681 2474 757 2544 post
780 2464 987 2546 empcionem
1005 2463 1136 2528 inscribi
1157 2464 1302 2527 fecerunt
1324 2463 1358 2526 in
1375 2463 1492 2526 litteris
1515 2463 1687 2538 concessis,

334 2591 369 2647 et
387 2580 489 2664 aliqui
510 2581 676 2662 dixerunt,
691 2583 785 2664 ‘Jam
801 2584 912 2648 Roma
930 2586 1020 2649 venit
1038 2584 1081 2647 ad
1101 2583 1246 2648 hostiurn
1268 2578 1437 2658 nostrum,'
1457 2591 1491 2646 et
1512 2603 1577 2646 non
1596 2604 1689 2647 cura·

334 2706 417 2769 bant
449 2702 551 2786 aliqui
590 2688 679 2768 mala
715 2705 829 2783 iacere,
860 2715 1016 2789 putantes
1050 2727 1086 2769 se
1124 2705 1278 2769 facillime
1313 2705 1443 2769 veniam
1474 2714 1508 2769 et
1544 2706 1688 2786 graciam

335 2828 491 2910 consequi
523 2847 583 2910 per
611 2828 856 2891 concessionem
887 2848 1006 2910 papae;
1037 2838 1070 2891 et
1102 2848 1160 2891 rex
1191 2826 1379 2911 Aragoniae‚
1410 2827 1580 2905 Alionsus,
1610 2837 1689 2891 tunc

336 2951 423 3014 dixit
447 2970 544 3033 papae
568 2950 742 3031 Eugenio:
774 2949 942 3013 ‘Ecclesia
967 2949 1120 3012 Romana
1143 2950 1213 3031 jam
1245 2962 1295 3014 est
1321 2971 1396 3013 vere
1424 2950 1588 3022 meretrix,
1613 2949 1690 3031 quia

337 3075 476 3155 exponit
499 3094 535 3137 se
558 3072 741 3153 cuicunque
768 3072 893 3152 petenti
918 3091 978 3153 pro
1004 3069 1170 3153 pecuniis?

424 3204 458 3270 [p.
474 3202 543 3266 δια]
567 3191 692 3256 Audivi
716 3212 828 3272 nuper,
844 3212 932 3254 anno
951 3193 1011 3257 Xti
1030 3201 1137 3278 14530,
1155 3195 1244 3277 quod
1269 3216 1353 3257 unus
1375 3194 1572 3276 praedicator
1587 3192 1690 3267 verbi,

337 3302 479 3398 cupidus
506 3314 663 3396 pecuniae,
686 3312 773 3377 dixit
803 3314 835 3375 in
859 3334 1009 3378 sermone
1031 3315 1183 3397 puplico:
1214 3314 1355 3380 ‘Sciatis
1385 3336 1500 3379 omnes
1526 3314 1579 3378 hic
1606 3335 1690 3396 prae·

337 3446 455 3513 sentes
486 3436 576 3518 quod
605 3437 633 3498 si
664 3435 783 3519 aliquis
813 3446 957 3500 vestrum
986 3438 1044 3501 det
1074 3436 1173 3500 michi
1203 3437 1256 3500 vel
1286 3438 1382 3501 alicui
1413 3438 1456 3500 de
1485 3438 1586 3501 domo
1616 3456 1691 3499 mea

338 3580 440 3624 unum
471 3559 652 3636 denarium,
679 3556 808 3622 solutus
837 3567 888 3623 est
918 3559 961 3623 ab
991 3558 1082 3622 omni
1112 3558 1312 3640 poenitencia
1348 3558 1493 3639 injuncta
1524 3561 1553 3621 ei
1583 3578 1603 3620 a
1631 3578 1691 3621 suo

337 3689 451 3745 curato
473 3680 526 3744 vel
552 3680 597 3744 ab
622 3679 689 3743 alio
715 3675 922 3757 sacerdote;’
953 3689 987 3744 et
1009 3699 1122 3743 revera
1148 3677 1356 3760 indulgencia
1385 3699 1540 3743 concessa
1562 3700 1583 3742 a
1604 3699 1692 3760 papa

337 3824 404 3867 non
431 3802 529 3867 solvit
558 3802 727 3867 hominem
754 3801 797 3866 ab
824 3801 978 3884 operibus
1003 3800 1122 3864 debitis
1143 3799 1285 3881 justiciae
1311 3800 1370 3863 sed
1398 3801 1512 3882 pocius
1538 3821 1558 3863 a
1584 3800 1692 3881 poenis

337 3924 501 4007 impositis
523 3945 543 3987 a
566 3944 701 4002 canone,
716 3924 736 3986 i.
747 3945 776 3987 e.
792 3945 813 3987 a
836 3924 910 4004 lege
932 3922 1102 3997 canonica,
1117 3930 1151 3986 et
1170 3942 1191 3984 a
1214 3921 1414 4004 poenitencia
1436 3921 1608 3985 arbitraria
1630 3920 1692 3983 im·

337 4047 447 4128 posita
469 4044 641 4110 confitenti
663 4066 684 4109 a
707 4045 889 4108 sacerdote.

434 4173 494 4239 [lu]
554 4166 657 4229 Anno
688 4167 748 4230 Xti
784 4178 874 4247 1445,
904 4182 1068 4226 concessae
1104 4162 1321 4244 indulgenciae
1353 4185 1373 4226 a
1406 4163 1498 4243 Papa
1531 4160 1693 4225 Nicholao

338 4287 456 4370 quinto
481 4287 559 4350 anni
579 4285 694 4368 jubilei
717 4287 870 4350 omnibus
894 4284 1041 4349 contritis
1064 4293 1098 4347 et
1124 4283 1281 4348 confessis
1306 4285 1361 4365 qui
1389 4291 1540 4365 quartam
1564 4290 1692 4365 partem
