3818 4904
283 433 303 492 4
656 425 755 480 LOCI
780 425 808 478 E
838 424 961 480 LIBRO
997 424 1253 482 VERITATUM.

282 658 302 701 a
329 638 403 702 Deo
428 660 486 721 per
506 639 703 703 inilicciones
724 661 829 722 paenae
853 641 908 722 qui
932 640 1102 704 ecclesiam
1125 642 1328 724 appropriari
1352 628 1436 705 fecit.
1482 639 1629 704 Ecclesia

282 768 354 823 tum
373 759 569 841 parochialis
589 761 674 823 bene
692 771 743 824 est
761 761 972 842 appropriata
990 762 1124 843 quando
1143 773 1192 826 est
1209 763 1391 845 collegiata,
1408 763 1461 826 ie.
1478 762 1523 825 ita
1539 759 1628 842 quod

282 889 381 943 certae
404 878 500 943 bonae
526 903 674 963 personae
701 882 733 944 in
761 903 800 944 ea
827 882 973 946 sundatae
1000 893 1158 947 maneant
1185 893 1218 946 et
1249 883 1418 966 perficiant
1449 884 1481 945 in
1512 882 1629 944 eadem

282 1000 438 1082 parochia
453 1001 500 1064 sic
520 1001 704 1084 collegiata.

369 1129 406 1195 [p.
423 1128 475 1195 56]
510 1118 605 1199 Item,
625 1130 739 1184 notum
764 1130 814 1184 est
838 1142 896 1203 per
918 1122 1064 1184 cronicas
1087 1132 1121 1185 et
1145 1144 1195 1186 res
1217 1132 1329 1205 gestas
1352 1131 1386 1186 et
1409 1103 1516 1204 nuper¹
1534 1121 1630 1199 visaS,

281 1239 372 1320 quod
395 1240 559 1321 superflua
583 1240 856 1304 monasteriorum
880 1250 913 1304 et
936 1242 1101 1306 redituum
1129 1244 1307 1306 eorundem
1335 1243 1414 1305 data
1440 1243 1570 1305 fuerunt
1596 1242 1629 1303 in

281 1368 486 1441 perpetuum,
521 1361 656 1424 licencia
694 1380 790 1443 papae
829 1359 963 1424 Martini
1001 1360 1030 1442 5¹
1068 1362 1208 1445 collegio
1245 1363 1453 1427 studencium
1490 1362 1630 1425 fundato

282 1476 393 1560 Papiae
405 1477 425 1557 ¹,
452 1501 527 1561 quae
556 1479 635 1544 olim
665 1480 844 1544 vocabatur
870 1480 1032 1555 Ticinum,
1055 1491 1088 1545 et
1114 1482 1203 1545 bona
1233 1481 1326 1564 plura
1357 1481 1630 1545 monasteriorum

280 1608 315 1663 et
336 1596 599 1681 hospitalitatum
624 1612 656 1664 et
676 1600 874 1682 capellarum
899 1621 974 1683 quae
996 1602 1199 1665 vocabantur
1222 1602 1334 1665 liberae
1358 1600 1503 1683 capellae,
1527 1610 1561 1665 et
1583 1602 1630 1664 sic

280 1720 379 1783 credo
403 1719 547 1796 firmiter,
572 1720 662 1802 quod
688 1730 840 1783 sanctum
870 1741 954 1802 opus
984 1731 1070 1784 esset
1100 1742 1196 1805 papae
1225 1723 1436 1805 appropriare
1465 1721 1629 1803 superflua

281 1841 553 1903 monasteriorum
589 1850 623 1904 et
660 1839 871 1922 collegiorum
908 1860 1102 1923 magnorum
1138 1852 1171 1905 et
1206 1842 1445 1906 cathedralium
1484 1842 1630 1905 ecclesiis

280 1959 521 2041 parochialibus
558 1970 591 2024 et
628 1981 740 2024 earum
782 1961 901 2024 curatis
939 1961 1146 2038 immediatis,
1186 1962 1219 2025 in
1256 1963 1374 2044 quibus
1412 1983 1456 2025 ex
1493 1961 1631 2025 diversis

280 2080 386 2143 causis
408 2080 559 2144 homines
582 2089 616 2144 et
638 2081 758 2144 animae
781 2091 931 2162 pereunt.

366 2209 405 2276 [p.
422 2209 474 2278 59·]
500 2199 716 2283 Comparacio
740 2221 806 2264 non
829 2211 916 2264 esset
940 2201 1025 2264 inter
1046 2202 1233 2266 relevamen
1255 2203 1371 2284 viginti
1395 2200 1630 2264 monachorum

279 2340 338 2402 per
361 2320 533 2385 ecclesiam
557 2321 603 2385 eis
628 2322 885 2404 appropriatam,
910 2331 943 2385 et
970 2322 1055 2386 inter
1080 2332 1249 2398 rectorem,
1274 2324 1330 2405 qui
1358 2341 1525 2404 nunquam
1552 2320 1630 2385 lacit

278 2440 402 2504 bonum
431 2442 463 2504 in
490 2442 646 2524 parochia
673 2460 754 2519 sua'3
786 2443 845 2505 sed
872 2443 1080 2524 comparacio
1105 2453 1192 2506 esset
1215 2444 1300 2506 inter
1323 2443 1411 2506 bona
1432 2462 1533 2524 opera
1555 2461 1631 2524 quae

279 2559 327 2623 illi
349 2561 465 2644 viginti
489 2561 641 2626 monachi
668 2562 791 2625 saciunt
814 2582 873 2644 per
895 2561 985 2625 illam
1010 2561 1184 2626 ecclesiam
1210 2562 1464 2645 appropriatam,
1486 2570 1519 2625 et
1545 2561 1631 2625 inter

279 2681 391 2744 omnia
416 2682 505 2748 bona
534 2702 635 2766 opera
664 2703 739 2765 quae
772 2684 878 2745 bonus
910 2691 1015 2745 rector
1045 2693 1120 2764 post
1150 2693 1292 2746 mortem
1323 2682 1400 2745 mali
1432 2683 1566 2745 rectoris
1596 2680 1630 2744 in

279 2800 335 2863 illa
365 2800 520 2884 parochia
545 2802 674 2879 faceret,
700 2812 734 2866 et
760 2802 871 2865 omnia
898 2822 998 2884 opera
1026 2822 1101 2884 qua:
1127 2804 1334 2884 pervenirent
1358 2802 1392 2864 in
1423 2800 1630 2884 parochianis

279 2940 338 3003 per
361 2920 432 3002 ejus
455 2931 604 2985 sanctam
626 2923 730 2985 vitam
755 2931 788 2985 et
813 2920 1014 3003 exemplum,
1041 2932 1075 2986 et
1098 2943 1157 3004 per
1181 2922 1253 3004 ejus
1276 2923 1461 2987 doctrinam
1483 2932 1517 2985 et
1543 2921 1630 2985 elee-

280 3041 442 3104 mosinam
466 3052 500 3105 et
525 3041 795 3124 hospitalitatem,
821 3053 854 3106 et
881 3063 940 3124 per
964 3042 1207 3106 exhibicionem
1229 3042 1387 3124 juvenum
1411 3043 1455 3105 ad
1482 3041 1628 3106 studium

279 3161 313 3223 in
343 3161 499 3240 scienciis,
524 3172 557 3226 et
584 3184 643 3245 per
670 3164 825 3226 devotam
853 3162 1040 3226 oracionem
1064 3163 1167 3226 curati
1191 3171 1225 3226 et
1248 3183 1381 3226 suorum
1406 3161 1629 3226 ministrorum

279 3280 402 3346 factam
429 3303 489 3364 pro
515 3281 722 3364 parochianis
744 3293 780 3347 et
806 3303 917 3346 coram
941 3281 1156 3367 parochianis,
1180 3292 1217 3346 ut
1243 3303 1356 3346 eorum
1383 3281 1540 3363 exemplo
1570 3302 1630 3344 ex·

277 3400 421 3466 citentur
443 3403 487 3466 ad
513 3402 726 3466 consimiliter
749 3404 932 3480 orandum3
964 3403 1049 3467 inter
1073 3402 1146 3466 haec
1171 3403 1260 3467 bona
1284 3402 1398 3466 debita
1424 3402 1510 3465 inter
1533 3421 1629 3484 paro·

278 3521 413 3586 chianos
451 3532 485 3586 et
521 3524 607 3587 inter
642 3525 730 3588 bona
773 3544 874 3606 opera
912 3543 986 3605 quae
1023 3522 1070 3585 illi
1110 3522 1360 3605 approprietarii
1398 3520 1545 3586 ecclesiae
1582 3521 1629 3584 eis

277 3642 500 3725 appropriatae
539 3643 661 3708 faciunt
702 3664 761 3726 per
797 3645 885 3708 bona
923 3642 1009 3706 illius
1046 3642 1192 3707 ecclesiae
1232 3642 1454 3726 appropriatae
1491 3641 1628 3705 eisdem.

276 3759 418 3827 Videtur
446 3772 558 3826 autem
586 3763 655 3845 jam
692 3765 862 3827 manifeste
898 3784 973 3845 quae
1003 3763 1130 3826 deliciae
1160 3774 1194 3827 et
1226 3760 1369 3826 honores
1399 3762 1514 3824 mundi
1545 3760 1630 3824 mul·

276 3882 469 3983 tiplicantur
501 3904 560 3966 per
592 3885 897 3967 appropriacionem
931 3883 1152 3962 ecclesiarum,
1182 3894 1215 3947 et
1251 3904 1326 3966 quae
1361 3903 1421 3965 per
1451 3902 1517 3945 non
1551 3881 1630 3945 resi·

276 4000 427 4066 denciam
459 4006 686 4087 episcoporum
717 4014 751 4068 et
782 4014 977 4082 curatorum,
1005 4014 1039 4068 et
1069 4025 1128 4086 per
1158 4003 1323 4068 desectum
1353 4003 1432 4066 boni
1463 4000 1630 4085 regiminis

277 4186 318 4316 Μ’
335 4188 453 4252 (Papiae),
465 4190 509 4240 i.e.
523 4191 606 4239 Paria.
641 4190 653 4238 l
670 4189 704 4239 do
721 4196 766 4239 not
784 4189 835 4239 find
852 4190 894 4240 the
912 4190 960 4239 fact
978 4189 1083 4240 referred
1101 4198 1128 4240 to
1146 4190 1179 4253 by
1191 4188 1332 4252 Gascoigne
1349 4203 1443 4252 among
1458 4187 1501 4236 the
1517 4185 1588 4235 Bulls
1603 4186 1633 4235 oi

306 4269 370 4318 attin
382 4269 413 4320 V.
