3818 4904
678 438 777 494 LOCI
802 438 832 491 E
860 437 986 490 LIBRO
1021 437 1280 493 VERITA'I'UM.
1599 445 1657 513 197

307 663 422 718 notum
444 665 495 719 est
516 655 605 736 quod
630 654 740 736 plures
762 651 904 715 infantes
924 652 1107 714 moriuntur
1128 652 1199 714 sine
1221 652 1390 734 baptismo
1413 654 1490 735 quia
1513 653 1660 718 ecclesiae

306 774 513 856 parochiales
542 795 607 837 non
634 775 759 837 habent
790 772 909 850 sontes,
932 781 966 836 et
992 773 1137 836 abbatiae
1164 775 1304 838 diversae
1333 774 1458 839 habent
1489 776 1661 841 licenciam

308 905 339 958 et
356 916 452 957 usum
468 895 558 976 quod
574 915 690 958 omnes
713 894 756 957 de
775 894 873 957 certis
894 892 1056 975 parochiis
1072 893 1242 974 baptizent
1261 894 1294 956 in
1314 916 1427 958 eorum
1445 897 1661 970 monasteriis,

307 1026 340 1079 et
367 1026 480 1079 tamen
505 1035 571 1076 non
594 1022 732 1096 possunt
755 1014 788 1075 in
814 1023 920 1090 nocte,
943 1032 1003 1075 nec
1030 1013 1063 1074 in
1086 1012 1159 1075 aliis
1181 1014 1394 1095 temporibus,
1417 1018 1593 1080 commode
1617 1018 1660 1080 ad

307 1137 434 1199 sontem
462 1135 586 1198 ibidem
612 1135 778 1198 accedere.
823 1134 919 1210 Item,
943 1134 1096 1196 monachi
1121 1132 1355 1198 Cistercienses
1381 1136 1507 1200 habent
1530 1158 1574 1200 ex
1597 1139 1662 1220 pri-

306 1256 435 1338 vilegio,
460 1276 518 1318 seu
541 1276 587 1318 ex
609 1255 745 1318 licencia
768 1275 874 1336 papae,
894 1255 985 1336 quod
1010 1255 1099 1316 idem
1123 1264 1181 1329 est,
1210 1255 1356 1318 decimas
1378 1268 1542 1320 certorum
1566 1279 1662 1341 agro·

307 1397 389 1453 rum,
410 1387 443 1440 et
463 1375 533 1457 jam
555 1374 692 1439 licencia
716 1377 762 1440 ita
784 1375 977 1438 extenditur
997 1384 1031 1438 et
1052 1374 1200 1438 abutitur
1220 1377 1310 1457 quod
1330 1377 1362 1437 in
1380 1377 1476 1440 certis
1498 1378 1662 1459 parochiis

307 1506 440 1560 curatus
468 1497 527 1559 vix
557 1496 682 1577 aliquid
712 1494 814 1559 habet
848 1495 891 1557 de
920 1495 1076 1576 parochia
1107 1495 1196 1558 unde
1225 1497 1323 1569 vivat,
1356 1506 1390 1559 et
1420 1498 1514 1578 quasi
1546 1519 1662 1562 omnes

308 1616 460 1681 monachi
483 1617 516 1678 in
539 1618 637 1679 certis
660 1616 740 1680 locis
763 1625 840 1678 sunt
865 1615 976 1697 magni
998 1625 1197 1679 mercatores
1217 1626 1251 1679 et
1273 1616 1398 1680 habent
1422 1618 1510 1681 bona
1534 1621 1663 1700 privata

308 1737 414 1800 multa
444 1737 476 1799 in
508 1737 661 1799 manibus
691 1737 856 1813 laicorum,
879 1745 913 1800 et
944 1755 1009 1797 non
1040 1736 1237 1816 permittunt
1271 1757 1315 1799 ex
1345 1738 1466 1801 curatis
1496 1738 1662 1816 decimari,

308 1868 342 1921 et
361 1858 408 1920 sic
426 1857 577 1938 ‘sanguis
598 1857 793 1937 sanguinem
813 1852 944 1937 tetigit,'
966 1856 1054 1920 Osee
1077 1856 1120 1937 iiij
1144 1856 1259 1938 capio„
1282 1857 1302 1918 i.
1317 1877 1345 1920 e.
1368 1879 1468 1920 unum
1488 1871 1662 1940 peccatum

308 1978 442 2042 induxit
474 1977 539 2040 alia
574 1987 711 2060 peccata
750 1978 784 2039 in
813 1976 954 2058 plurima
989 1977 1190 2040 detrimenta
1222 1977 1417 2040 animarum.
1476 1979 1506 2043 O
1539 1992 1664 2062 quanta

308 2098 397 2161 bona
425 2097 547 2162 faceret
575 2099 682 2161 bonus
715 2117 810 2180 papa,
838 2099 865 2160 si
895 2098 1020 2161 bonum
1051 2097 1207 2179 legatum,
1235 2118 1301 2162 non
1333 2099 1528 2181 inhyantem
1558 2102 1663 2177 donis,

308 2219 366 2283 sed
399 2218 496 2282 saluti
529 2219 725 2296 animarum,
752 2218 899 2282 mitteret
930 2238 1005 2282 cum
1037 2219 1210 2282 sufficienti
1242 2229 1409 2301 potestate
1441 2222 1473 2283 in
1507 2221 1664 2285 reforma·

309 2341 419 2404 ciones
442 2340 655 2404 ecclesiarum
677 2351 711 2402 et
734 2339 928 2420 regnorum!

396 2468 514 2536 [rr-543]
558 2468 730 2532 Quaerere.
777 2460 931 2523 Herodes
947 2480 1006 2523 rex
1022 2459 1664 2543 quaesivitJesum,etc....exemplum

309 2590 404 2664 patet
412 2581 483 2663 jam
495 2581 539 2644 de
550 2581 759 2644 ordinacione
774 2580 1013 2662 episcoporum.
1038 2579 1166 2644 Scitum
1179 2590 1229 2644 est
1241 2592 1275 2644 et
1287 2591 1402 2644 notum
1416 2582 1505 2662 quod
1519 2582 1664 2664 episcopi

309 2701 390 2766 olim
406 2702 611 2785 eligebantur
621 2712 734 2766 sancte
749 2723 770 2765 a
785 2701 871 2765 clero
882 2701 935 2765 vel
944 2702 1077 2784 populo,
1088 2702 1139 2765 vel
1153 2713 1265 2766 sancte
1281 2703 1400 2784 provisi
1418 2711 1451 2766 et
1467 2704 1555 2765 missi
1572 2712 1666 2766 erant

310 2845 330 2887 a
353 2842 442 2906 papa
464 2822 619 2886 Romano
642 2822 712 2886 sine
738 2822 905 2886 solucione
928 2822 1108 2905 primorum
1134 2823 1297 2887 fructuum
1321 2823 1468 2886 ecclesiae
1492 2823 1665 2899 Romanae,

311 2955 345 3008 et
360 2945 432 3008 sine
446 2944 558 3026 aliqua
575 2943 788 3022 mediacione,
800 2954 834 3008 et
849 2944 920 3006 sine
935 2964 1097 3007 consensu
1114 2944 1219 3025 regis3
1237 2953 1270 3008 et
1287 2963 1367 3006 mox
1380 2954 1455 3026 post
1468 2944 1667 3008 eleccionem

313 3065 552 3129 ordinabantur
566 3065 599 3127 in
616 3066 818 3147 episcopum,
835 3074 869 3128 et
885 3063 1042 3127 installati
1057 3063 1187 3128 suerunt
1208 3074 1283 3147 post
1301 3065 1548 3129 ordinacionem
1563 3086 1667 3142 suam,

312 3176 346 3250 'et
369 3195 483 3250 tamen
506 3186 570 3250 ista
584 3187 724 3249 veritate
745 3185 858 3268 agnita
880 3193 994 3248 contra
1017 3184 1189 3248 veritatem
1213 3184 1259 3262 fit,
1276 3193 1309 3247 et
1323 3185 1444 3248 veritas
1467 3186 1614 3267 perditur
1633 3195 1667 3248 et

312 3327 379 3369 non
394 3308 589 3388 exequitur3
612 3306 690 3388 quia
706 3305 814 3368 nullus
826 3305 896 3387 jam
918 3305 951 3368 in
973 3324 1074 3386 regno
1094 3315 1144 3369 est
1166 3305 1339 3386 episcopus
1359 3305 1421 3367 nisi
1442 3306 1548 3369 solvat
1568 3306 1667 3368 curiae

316 3427 479 3489 Romanae
502 3436 554 3490 tot
576 3427 742 3509 pecunias,
764 3446 821 3489 seu
845 3436 896 3490 tot
919 3425 1019 3502 milia,
1039 3436 1072 3488 et
1095 3426 1199 3488 eciam
1223 3425 1283 3486 nisi
1308 3444 1382 3488 curn
1405 3424 1468 3488 hoc
1491 3445 1668 3490 consensus

314 3548 400 3630 regis
415 3557 596 3611 concurrat.
640 3547 702 3611 Vae
718 3567 796 3628 ergo
814 3546 878 3609 illis
893 3547 950 3628 qui
965 3555 1117 3629 quaerunt
1138 3546 1218 3627 quid
1240 3556 1289 3608 est
1310 3546 1486 3627 agendum,
1503 3556 1537 3610 et
1555 3557 1667 3609 tamen

312 3669 437 3733 faciunt
452 3669 644 3732 continuum
661 3679 698 3732 ut
709 3669 834 3744 volunt,
848 3677 882 3732 et
897 3668 944 3731 sic
959 3679 1110 3750 quaerunt
1125 3668 1297 3731 veritatem
1314 3668 1357 3729 ad
1374 3668 1579 3749 perdendum
1595 3688 1669 3730 eam

315 3801 350 3855 et
373 3810 439 3853 non
462 3791 505 3853 ad
527 3790 714 3854 iaciendum
736 3791 918 3854 secundum
941 3796 1034 3854 eaml
1081 3789 1175 3854 Sicut
1193 3789 1346 3852 Herodes
1368 3789 1537 3870 quaerebat
1554 3788 1669 3869 Jesum

314 3912 357 3975 ad
388 3913 594 3994 perdendum
625 3933 701 3977 eum
732 3924 766 3976 et
795 3913 838 3975 ad
869 3912 1087 3976 occidendum
1118 3931 1203 3988 eum,
1230 3912 1380 3992 quamvis
1410 3910 1497 3973 dixit
1523 3910 1668 3992 seipsum

315 4034 453 4096 adorare
475 4033 590 4114 lesum
614 4034 642 4096 si
665 4035 873 4097 inveniretur.

403 4161 440 4228 [p.
458 4161 526 4228 54⁶]
570 4160 706 4218 Rector.
753 4154 866 4217 Plures
895 4163 1014 4236 optant
1042 4161 1076 4216 et
1106 4161 1286 4234 expectant
1320 4160 1358 4214 ut
1387 4151 1532 4214 habeant
1562 4152 1669 4216 bonos

319 4274 493 4356 episcopos
517 4273 681 4355 praelatos,
703 4285 737 4338 et
763 4287 798 4339 ut
824 4275 970 4338 habeant
995 4275 1100 4338 bonos
1124 4285 1275 4349 rectores,
1299 4293 1357 4354 per
1382 4292 1521 4354 quorum
1543 4273 1668 4338 bonum
