3818 4904
689 421 789 475 LOCI
814 423 844 475 E
872 423 997 477 LIBRO
1031 423 1289 479 VERITATUM.
1605 415 1662 477 161

317 609 462 702 Romani
484 648 604 705 vocant
628 640 800 716 Calistum‚
817 639 952 724 Anglici
975 649 1089 707 autern
1112 641 1222 724 plures
1244 651 1362 707 vocant
1384 661 1460 705 eum
1482 640 1665 707 Calixtum.

316 754 497 824 Praedictus
528 782 616 844 papa
642 760 840 826 Alexander
869 761 1004 844 quintus
1034 761 1096 825 iuit
1124 761 1321 826 bacallarius
1350 781 1451 827 sacrae
1473 761 1666 848 Theologiae

316 875 462 942 Oxoniae
484 890 518 945 et
542 883 659 947 doctor
675 881 870 963 Theologiae
892 881 1032 959 Parisiis,
1052 893 1089 947 ut
1112 881 1183 965 ipse
1206 904 1302 966 papa,
1325 883 1359 945 in
1382 881 1520 947 concilio
1537 883 1666 960 Pisan0‚

313 997 403 1064 dixit
422 1001 558 1066 domino
573 1002 715 1066 Thomae
732 1003 910 1086 Spofforth,
926 1003 1041 1069 abbati
1061 1003 1206 1068 ecclesiae
1226 1003 1427 1068 beatissimae
1442 1004 1559 1069 Mariae
1575 1005 1666 1069 Ebo-

315 1119 391 1195 raci,
414 1122 472 1203 qui
494 1123 648 1187 dominus
663 1124 812 1188 Thomas
834 1124 896 1188 iuit
918 1124 1024 1188 eciam
1047 1125 1080 1187 in
1103 1124 1241 1189 concilio
1260 1124 1521 1190 constanciensi.
1562 1125 1671 1190 Anno.

315 1237 404 1302 enim
428 1240 520 1325 1378,
546 1265 636 1327 papa
663 1243 824 1327 Gregorio
846 1241 899 1326 xj⁰
923 1253 1053 1309 mortuo
1076 1244 1205 1322 Romae,
1230 1245 1317 1309 circa
1342 1245 1491 1310 medium
1515 1244 1668 1328 Quadra·

314 1358 457 1440 gesimae,
487 1364 671 1430 cardinales
694 1366 839 1430 Romani
866 1365 1028 1448 eligerunt
1058 1365 1090 1429 in
1116 1385 1240 1447 papam
1265 1364 1442 1430 Urbanum
1466 1376 1610 1444 sextum,
1633 1367 1667 1430 in

313 1483 465 1558 tempore
496 1479 588 1562 cujus
617 1480 746 1546 Urbani
776 1481 900 1565 incepit
930 1482 1040 1559 cisma,
1072 1481 1201 1545 finitum
1231 1481 1288 1545 diu
1317 1491 1436 1565 postea
1465 1483 1498 1544 in
1527 1482 1667 1546 concilio

313 1597 461 1679 generali
477 1596 686 1667 Constanciae
709 1602 883 1680 celebrato,
900 1602 1035 1685 quando
1057 1622 1146 1684 papa
1161 1601 1326 1665 Martinus
1345 1601 1479 1684 quintus
1496 1601 1561 1665 iuit
1581 1602 1667 1667 elec-

315 1725 371 1780 tus
396 1718 429 1781 in
451 1739 585 1803 papam,
609 1743 698 1787 anno
720 1723 799 1806 Jesu
822 1722 884 1786 Xti
909 1736 1002 1802 1417,
1024 1733 1059 1786 et
1080 1722 1183 1787 cisma
1208 1722 1332 1805 incepit
1356 1741 1415 1804 per
1436 1721 1620 1786 cardinales
1645 1743 1668 1786 a

313 1856 402 1919 papa
418 1838 557 1905 Urbano
579 1852 678 1907 sexto
700 1844 899 1921 recedentes,
913 1852 948 1908 ot
971 1841 1180 1907 Clementem
1195 1842 1374 1925 septimum
1391 1841 1561 1924 eligentes,
1577 1863 1666 1907 anno

314 1956 376 2021 Xti
392 1958 413 2040 J
417 1981 474 2024 esu
495 1961 585 2045 1378,
607 1972 641 2030 et
661 1966 707 2029 sic
728 1965 809 2028 illud
834 1966 937 2029 cisma
956 1964 1088 2028 duravit
1102 1962 1188 2027 ultra
1204 1980 1245 2045 39
1260 1982 1376 2026 annos.
1414 1960 1570 2026 Clemens
1590 1985 1666 2047 sep-

314 2077 416 2143 timus
437 2079 500 2145 suit
521 2083 681 2168 antipapa
703 2086 736 2148 in
759 2095 909 2168 tempore
928 2083 1055 2148 Urbani
1076 2084 1172 2162 sexti,
1188 2092 1223 2147 et
1246 2091 1377 2147 mortuo
1394 2082 1533 2147 Urbano
1555 2093 1666 2159 sexto,

313 2197 439 2264 electus
463 2211 515 2267 est
540 2203 574 2267 in
600 2225 723 2288 papam
750 2206 940 2270 Romanum
964 2204 1154 2269 Bonisacius
1177 2223 1292 2282 nonus,
1318 2224 1406 2269 anno
1428 2202 1490 2267 Xti
1515 2201 1607 2286 1389,
1632 2214 1668 2269 et

228 2410 233 2421 ⁸
313 2334 401 2384 anno
420 2340 513 2406 1391,
528 2326 734 2390 canonizavit
751 2327 884 2390 beatam
906 2325 1082 2407 Birgittam
1104 2325 1238 2388 viduam
1262 2333 1296 2388 et
1318 2323 1546 2406 principissam
1569 2325 1666 2388 Neri-

312 2440 381 2516 ciae,
407 2442 440 2505 in
467 2463 568 2526 regno
594 2444 731 2523 Sueciae,
757 2456 792 2510 et
818 2467 906 2509 anno
938 2444 1074 2508 Domini
1099 2463 1182 2522 1404
1208 2444 1290 2508 obiit
1313 2444 1501 2508 Bonisacius
1523 2444 1579 2521 ix⁸,
1607 2464 1666 2527 per

200 2563 204 2568 ’
312 2570 445 2644 tempus
467 2563 603 2646 aliquod
627 2575 706 2630 ante
725 2566 847 2630 sestum
873 2565 1053 2629 nativitatis
1074 2565 1143 2642 Xti,
1160 2575 1193 2628 et
1216 2565 1245 2628 ei
1269 2565 1425 2628 successit
1447 2565 1480 2626 ln
1503 2573 1664 2645 papatum

312 2679 432 2745 Romae
456 2683 683 2751 Innocentius·
701 2688 870 2770 septimus,
894 2686 950 2769 qui
979 2687 1064 2749 vixit
1096 2686 1229 2750 biennio
1258 2684 1311 2749 vel
1340 2685 1475 2762 circiter,
1501 2685 1557 2767 qui
1586 2683 1665 2749 iecit

312 2801 436 2867 multos
457 2806 648 2887 cardinales,
664 2817 698 2873 et
715 2810 788 2892 ipso
812 2807 1006 2871 innocentio
1021 2807 1080 2890 vij⁰
1098 2817 1239 2885 mortuo,
1255 2805 1379 2870 electus
1401 2806 1463 2870 suit
1485 2804 1519 2869 in
1541 2825 1664 2888 papam

314 2921 434 2988 Romae
468 2925 646 3010 Gregorius
679 2930 749 3012 xij⁸,
782 2949 859 3012 rege
888 2927 1085 3011 Aragonum
1117 2928 1320 2992 Fertinando
1358 2947 1433 2992 cum
1466 2948 1527 2990 suo
1561 2947 1664 3009 regno

310 3043 489 3112 obediente
516 3048 685 3133 antipapae
715 3051 813 3114 Petro
846 3050 891 3112 de
921 3049 1026 3125 Luna,
1057 3047 1228 3132 Aragono,
1259 3049 1317 3131 qui
1346 3047 1489 3111 vocabat
1517 3047 1664 3130 seipsum

310 3163 529 3233 Benedictum
557 3188 618 3254 133
648 3180 683 3236 et
711 3180 791 3237 tunc
817 3169 999 3234 cardinales
1029 3171 1199 3253 utriusque
1232 3169 1343 3253 partis,
1369 3189 1414 3233 sc.
1439 3167 1588 3251 Gregorii
1613 3166 1662 3250 xij

311 3306 399 3371 papa
425 3289 589 3358 Romanae
611 3303 647 3358 et
669 3293 839 3358 Benedicti
863 3291 921 3375 xiij
949 3291 1125 3375 antipapae,
1149 3293 1276 3375 seipsos
1305 3298 1514 3356 retraxerunt
1533 3290 1577 3353 ab
1603 3290 1663 3353 ad·
1689 3360 1693 3372 ,

304 3405 458 3476 ὴεεείοηε
473 3422 508 3478 et
525 3415 720 3480 obediencia
739 3415 908 3497 utriusque
923 3434 1029 3497 papae,
1045 3413 1277 3478 convenientes
1296 3411 1328 3475 in
1345 3410 1517 3476 castellum
1533 3410 1663 3474 Pisanae

310 3531 459 3614 diocesis,
481 3536 656 3601 concilium
686 3535 839 3620 generale
866 3544 901 3600 et
934 3534 1117 3600 universale
1146 3534 1264 3600 tocius·
1285 3533 1432 3598 ecclesiae
1462 3552 1522 3614 per
1550 3530 1662 3596 literas

309 3663 346 3719 et
366 3656 504 3721 nuncios
525 3666 797 3736 convocaverunt,
815 3667 852 3722 ut
874 3657 918 3720 ad
941 3656 1063 3721 festum
1084 3655 1193 3720 beatae
1217 3655 1343 3732 Mariae,
1365 3674 1497 3737 semper
1517 3651 1660 3735 virginis,

309 3774 599 3858 Annunciacionis,
614 3778 818 3863 patriarchae,
835 3778 990 3862 episcopi,
1007 3786 1041 3842 et
1062 3776 1178 3853 clerici,
1195 3778 1238 3842 ad
1259 3776 1493 3840 celebrandum
1507 3775 1661 3857 generale

308 3898 483 3963 concilium
509 3900 543 3963 in
569 3900 702 3967 civitate
718 3900 846 3976 Pisana,
869 3919 958 3963 anno
981 3897 1119 3962 Domini
1141 3916 1224 3982 1409
1247 3898 1467 3963 convenirent.
1510 3895 1661 3960 Vocave·

310 4029 388 4085 runt
412 4019 517 4085 eciam
543 4021 587 4085 ad
613 4019 706 4086 illum
732 4019 907 4086 concilium
933 4040 1036 4103 reges,
1058 4020 1231 4103 principes,
1253 4029 1288 4082 et
1311 4018 1464 4082 dominos
1487 4016 1659 4091 seculares,

308 4138 388 4222 quia
409 4140 454 4205 de
476 4140 550 4219 fide,
570 4161 645 4224 quae
667 4162 784 4207 omnes
805 4141 921 4223 tangit,
939 4141 1107 4223 agendum
1129 4139 1199 4219 suit,
1222 4149 1257 4204 et
1279 4139 1400 4205 citatus
1421 4138 1483 4203 iuit
1508 4138 1552 4202 ad
1578 4136 1660 4202 illud

307 4259 484 4327 concilium
512 4261 668 4328 Pisanum
697 4274 836 4347 uterque
867 4263 910 4328 de
939 4271 1065 4345 papatu
1094 4260 1378 4338 contendencium,
1410 4279 1454 4327 sc.
1481 4257 1660 4342 Gregorius

975 4379 997 4428 v
