3818 4904
274 424 313 467 10
649 411 746 465 LOCI
772 410 802 462 E
831 410 955 462 LIBRO
991 409 1248 463 VERITATUM.

276 624 423 688 Boemiae
444 624 644 689 defendebat
664 623 840 706 praedictos
856 623 941 686 duos
963 621 1125 685 hereticos
1142 620 1318 684 Bohemios
1339 630 1371 682 et
1391 620 1437 681 eis
1458 618 1629 682 adhaeren-

275 754 335 819 tes,
351 754 384 807 ct
408 745 512 808 eciam
535 743 658 807 malum
680 745 873 826 magistrum
897 744 1020 806 arcium
1046 741 1190 806 Oxoniae
1215 743 1348 805 Petrum
1365 739 1556 822 Anglicum‚
1572 738 1628 820 qui

276 864 433 948 portabat
445 864 544 928 libros
558 865 680 928 multos
691 865 840 947 praedicti
854 862 1020 945 Wyclyffe
1032 862 1177 927 haeretici
1193 864 1236 925 de
1248 861 1373 944 Anglia
1389 862 1421 923 in
1438 861 1579 941 Pragam
1597 860 1629 921 in

277 1005 415 1068 regnum
432 984 611 1063 Bohemiae‚
622 987 678 1067 qui
695 985 811 1048 Petrus
826 983 888 1048 fuit
904 984 989 1046 iilius
1004 984 1100 1046 unius
1117 984 1320 1066 Francigeni,
1334 983 1392 1046 sed
1409 992 1505 1044 natus
1520 980 1581 1043 suit
1598 980 1630 1042 in

276 1105 354 1169 villa
368 1104 503 1188 Angliae
523 1126 598 1186 quae
618 1115 755 1168 vocatur
772 1104 875 1186 Hogh
893 1104 993 1185 juxta
1007 1104 1119 1168 villam
1138 1113 1290 1168 vocatam
1308 1101 1503 1177 Grantham,
1520 1110 1553 1164 et
1573 1121 1632 1163 vo·

276 1225 364 1289 cavit
383 1246 419 1288 se
438 1225 546 1307 ipsum
563 1226 697 1289 Petrum
715 1223 889 1300 Clericum,
906 1224 1056 1306 Anglice‚
1075 1223 1184 1289 Clark.
1232 1224 1278 1287 Et
1297 1223 1446 1305 praedicti
1462 1219 1632 1303 Johannes

279 1343 373 1408 Huss
388 1354 423 1408 et
437 1344 624 1425 Jeronimus
639 1346 682 1408 de
698 1345 804 1426 Praga
819 1345 950 1409 suerunt
971 1345 1135 1409 combusti
1155 1354 1192 1408 ut
1209 1343 1357 1408 haeretici
1376 1344 1409 1405 in
1432 1341 1633 1406 Constancia

278 1475 430 1548 tempore
452 1465 579 1530 consilii
604 1464 880 1537 Constanciensis‚
905 1475 942 1529 ut
964 1466 1051 1528 dixit
1075 1463 1155 1527 mihi
1179 1465 1307 1528 doctori
1334 1462 1510 1545 Gascoyne
1534 1462 1633 1526 bonae

280 1586 447 1650 memoriae
470 1585 641 1669 episcopus
661 1586 831 1667 quondam
857 1585 1089 1648 Herlordensis
1109 1585 1263 1648 dominus
1280 1584 1429 1649 Thomas
1454 1580 1634 1665 Spofforth,

278 1706 428 1789 sepultus
449 1705 601 1784 Eboraci,
616 1706 673 1787 qui
693 1705 756 1769 hoc
774 1705 857 1768 vidit
881 1704 1090 1769 Constanciae
1112 1705 1144 1767 in
1166 1713 1316 1788 tempore
1336 1705 1485 1787 praedicti
1505 1701 1633 1768 concilii

279 1824 442 1910 generalis
465 1825 683 1890 Constanciae.
732 1825 777 1889 Et
802 1826 980 1907 praedictus
1005 1826 1183 1908 imperator
1205 1825 1399 1903 Turcorum,
1421 1821 1633 1887 Waldewach

280 1947 423 2024 nomine,
436 1945 522 2008 filius
537 1945 713 2009 bastardus
731 1943 880 2008 Cassiani
898 1946 1109 2027 Imperatoris
1123 1946 1316 2022 Turcorum,
1334 1946 1452 2009 invasit
1468 1953 1502 2008 et
1517 1943 1634 2025 adqui·

280 2066 356 2129 sivit
379 2066 440 2129 sibi
463 2074 497 2129 et
514 2066 631 2129 Turcis
653 2067 819 2130 civitatem
845 2065 1179 2146 Constantinopolim,
1202 2076 1235 2130 et
1257 2067 1377 2131 occidit
1400 2066 1634 2147 imperatorem

280 2185 488 2251 orientalium
516 2187 725 2260 Xtianorum,
753 2197 787 2250 et
813 2207 901 2269 papa
928 2185 1083 2250 Calixtus
1110 2187 1229 2249 tercius
1254 2196 1351 2250 vocat
1379 2207 1454 2248 eum
1483 2185 1515 2248 in
1544 2183 1636 2269 bulla

281 2326 341 2370 sua
368 2307 468 2369 missa
497 2306 530 2369 in
557 2305 716 2390 Angliam
747 2327 834 2369 anno
865 2307 924 2368 Xti
956 2305 1052 2385 1456ο
1078 2304 1219 2369 alterum
1248 2306 1483 2382 Macometum,
1510 2314 1543 2368 et
1574 2305 1637 2368 iste

281 2428 461 2510 imperator
479 2428 662 2492 Turcorum
683 2429 729 2492 sic
752 2428 881 2510 scripsit
901 2427 934 2490 in
956 2427 1085 2509 scriptis
1106 2428 1172 2490 suis
1192 2429 1256 2491 isto
1277 2428 1372 2492 stilo:
1396 2425 1635 2503 ‘Waldewach,

280 2549 391 2630 gracia
423 2548 602 2613 Macometi
631 2550 810 2631 imperator
839 2548 1031 2627 Turcorum,
1054 2548 1279 2625 Tartarorum,
1307 2561 1341 2613 et
1370 2548 1572 2626 Graecorum,
1603 2558 1637 2611 et

282 2668 432 2732 inimicus
459 2670 606 2732 omnium
635 2667 852 2748 Xtianorum‚’
876 2679 909 2732 et
936 2668 1037 2732 irater
1067 2668 1137 2750 ejus
1168 2691 1211 2732 ex
1242 2680 1336 2752 parte
1366 2671 1469 2752 patris
1495 2670 1544 2733 sui
1575 2669 1636 2731 im-

283 2789 444 2870 peratoris
459 2788 651 2868 Turcorum,
670 2789 775 2853 haeres
790 2789 982 2867 Turcorum,
998 2799 1115 2871 captus
1135 2790 1196 2853 luit
1216 2811 1276 2873 per
1289 2791 1446 2866 VenetoS,
1462 2801 1496 2855 et
1518 2791 1637 2853 Romae

284 2910 443 2973 mandato
471 2909 571 2992 Papae
599 2909 714 2974 Calisti
740 2909 779 2992 3ii
803 2911 990 2994 baptizatus
1019 2909 1090 2987 suit,
1116 2920 1149 2973 et
1175 2921 1312 2975 vocatus
1342 2911 1402 2974 suit
1429 2911 1636 2985 Valentinus

285 3027 370 3093 sicut
384 3028 446 3093 fuit
464 3050 552 3112 papa
568 3029 622 3093 ille
638 3041 773 3095 vocatus
791 3040 870 3094 ante
885 3051 980 3094 suum
996 3040 1166 3113 papatum.

372 3157 405 3224 [p.
426 3157 492 3223 ιη]
524 3158 712 3214 cortenaio.
768 3151 1008 3234 Episcoporum
1042 3150 1188 3215 officiarii
1219 3162 1338 3235 optant
1368 3154 1438 3236 jam
1470 3164 1506 3217 ut
1541 3154 1637 3235 plura

284 3267 338 3332 vel
361 3269 473 3332 omnia
505 3280 615 3336 essent
644 3272 810 3354 prohibita
840 3273 973 3355 populo,
1005 3282 1041 3335 ut
1073 3273 1269 3338 necessitate
1299 3275 1405 3338 coacti
1436 3283 1639 3338 recurrerent

285 3388 329 3451 ad
355 3409 412 3453 eos
438 3410 498 3471 pro
523 3389 658 3454 licencia
674 3401 721 3454 ·et
746 3392 996 3474 dispensacione
1020 3394 1240 3471 concedenda,
1267 3405 1304 3459 ut
1331 3396 1428 3459 liceat
1459 3397 1506 3459 eis
1532 3396 1639 3459 facere

286 3519 402 3574 contra
425 3509 534 3593 legem
559 3511 714 3590 ecclesiae,
737 3533 795 3577 seu
820 3524 933 3578 contra
955 3513 1112 3576 mandata
1135 3515 1280 3599 episcopi
1303 3517 1478 3581 diocesani.
1523 3517 1641 3598 Nuper

286 3629 375 3693 enim
400 3631 475 3694 novi
500 3633 590 3714 quod
617 3633 762 3697 officiarii
790 3635 935 3716 episcopi
962 3632 1149 3698 habuerunt
1175 3637 1321 3719 quinque
1348 3658 1476 3702 marcas
1502 3659 1546 3701 ex
1573 3658 1640 3701 uno

285 3752 449 3834 armigero
476 3773 536 3835 pro
564 3752 698 3817 licencia
726 3775 826 3835 quam
854 3756 882 3819 ei
910 3755 1073 3820 dederunt
1103 3766 1140 3819 ut
1171 3767 1258 3821 esset
1288 3769 1411 3841 nuptus
1438 3761 1471 3823 in
1502 3758 1641 3823 ecclesia

286 3871 466 3954 parochiali
498 3873 567 3936 sine
601 3873 718 3936 bannis
752 3875 964 3957 proclamatis
999 3876 1031 3938 in
1065 3877 1210 3957 ecclesia,
1239 3887 1271 3942 et
1302 3881 1372 3943 sine
1403 3879 1466 3943 illis
1496 3879 1641 3962 quinque

288 3993 405 4056 marcis
435 4013 501 4058 non
526 3994 701 4058 voluerunt
727 3996 806 4059 dare
830 3997 859 4060 ei
887 3998 1080 4080 praedictam
1108 3997 1287 4064 licenciam.
1344 4002 1429 4065 Item
1454 4001 1642 4065 habuerunt

288 4132 313 4175 x
355 4132 481 4177 marcas
513 4115 556 4177 ab
592 4136 658 4178 una
696 4114 829 4180 muliere
868 4119 968 4182 vidua
998 4140 1058 4201 pro
1094 4119 1229 4184 licencia
1267 4121 1421 4186 habenda
1458 4131 1494 4185 ut
1528 4132 1641 4204 posset

289 4253 408 4299 vovere
431 4235 617 4300 castitatem
640 4256 750 4300 coram
772 4257 969 4321 quocunque
993 4240 1150 4323 episcopo
1173 4242 1224 4305 vel
1247 4243 1376 4322 abbate,
1393 4245 1439 4310 ita
1462 4244 1550 4325 quod
1574 4264 1641 4306 non
