3818 4904
659 430 758 484 LOCI
783 431 813 483 E
842 430 966 484 LIBRO
1003 430 1261 485 VERITAYUM,
1579 431 1638 499 145

283 646 444 725 homines,
469 656 502 710 et
525 648 720 729 impediunt,
745 650 834 730 quod
859 669 919 712 nec
942 659 1080 731 possunt
1111 670 1170 714 nec
1196 649 1311 712 volunt
1339 647 1528 729 expendere
1549 644 1639 707 bona

284 768 370 831 circa
400 776 515 831 sancta
545 789 656 850 opera,
684 779 717 832 et
747 770 833 832 circa
862 770 1004 833 salutern
1032 770 1225 848 animarum,
1252 780 1285 833 et
1316 768 1401 831 circa
1430 766 1532 830 libros
1561 765 1639 828 scri·

284 889 421 966 bendOS,
444 899 478 953 et
501 889 777 971 multiplicandos,
801 901 834 954 et
857 890 1078 971 corrigendos,
1102 901 1136 954 et
1159 893 1246 955 circa
1268 910 1389 972 pueros
1410 887 1453 950 ad
1479 885 1638 957 scholam,

286 1016 319 1071 et
334 1009 567 1091 praedicatores
578 1010 669 1073 verbi
686 1010 750 1074 Dei
767 1010 800 1072 in
816 1010 922 1092 patria
938 1009 1169 1087 exhibendos3
1192 1010 1352 1092 quiajam
1368 1029 1446 1071 cura
1461 1005 1640 1069 destruitur

286 1149 345 1210 per
368 1129 539 1212 indignam
562 1131 817 1212 promotionem,
840 1140 874 1194 et
896 1152 955 1213 per
975 1130 1190 1212 pluralitates
1214 1138 1246 1194 et
1270 1151 1328 1211 per
1350 1137 1546 1211 perpetuum
1569 1145 1639 1188 ma-

286 1238 354 1311 lum
374 1250 407 1312 in
423 1251 690 1333 appropriatione
706 1252 915 1315 ecclesiarum
933 1251 1179 1333 parochialium.
1219 1249 1365 1313 Ornatus
1378 1258 1411 1313 et
1423 1256 1532 1310 vestes
1547 1246 1639 1308 insti·

286 1376 368 1434 tutae
391 1382 485 1435 erant
511 1373 555 1436 ad
579 1374 776 1436 servandum
800 1383 952 1436 naturam
978 1393 999 1434 a
1023 1372 1146 1436 nocivis
1174 1380 1207 1435 et
1234 1371 1338 1446 malis,
1362 1379 1396 1432 et
1422 1377 1458 1432 ut
1480 1388 1540 1450 per
1560 1366 1641 1433 talia

286 1493 381 1573 signa
401 1501 621 1575 cognoscatur
635 1514 738 1556 unum
754 1493 897 1557 officium
912 1493 956 1557 ab
971 1491 1046 1570 alio,
1061 1500 1095 1556 et
1111 1491 1215 1556 eciam
1232 1499 1268 1555 ut
1288 1511 1348 1574 per
1368 1489 1424 1553 illa
1444 1496 1640 1551 ornamenta

284 1611 364 1689 visa,
389 1613 526 1677 reducat
553 1614 720 1677 memoriae
752 1635 851 1677 onera
881 1634 948 1677 suae
975 1633 1069 1690 curae,
1092 1612 1198 1690 officii,
1220 1634 1278 1675 seu
1305 1611 1437 1694 gradus.
1490 1607 1639 1670 Nudatio

286 1741 399 1795 autem
419 1744 591 1815 pectorum
614 1734 767 1812 mulieris,
782 1756 857 1816 quae
874 1734 945 1815 jam
967 1733 1101 1797 inolevit
1122 1733 1350 1814 injuventute
1372 1728 1508 1793 Henrici
1530 1726 1639 1801 Sexti,

285 1852 372 1936 regis
394 1851 537 1937 Angliae,
560 1855 645 1918 circa
665 1875 790 1918 annum
814 1855 950 1917 Domini
976 1871 1067 1936 1429,
1089 1875 1155 1917 non
1179 1863 1230 1917 est
1252 1863 1386 1936 propter
1408 1849 1639 1914 necessitatem

288 1983 424 2049 naturae,
441 1994 501 2038 nec
521 1975 628 2053 officii,
650 1995 710 2039 nec
731 1978 862 2057 gradus,
883 1976 941 2038 sed
965 1995 1123 2056 magnum
1146 1975 1416 2038 allectamentum
1438 1979 1489 2034 est
1512 1968 1638 2053 peccati

285 2094 484 2169 videntibus,
511 2105 545 2158 et
575 2116 739 2159 venenum
770 2096 899 2171 obtulit,
923 2096 1074 2177 quamvis
1104 2116 1148 2158 ex
1172 2097 1279 2176 gratia
1302 2094 1365 2157 Dei
1392 2111 1490 2155 nemo
1516 2111 1560 2154 ex
1583 2088 1640 2151 illo

286 2213 425 2289 biberet,
448 2223 482 2278 et
506 2215 581 2278 ideo
604 2216 637 2279 in
662 2227 824 2298 quantum
849 2216 882 2277 in
905 2216 976 2298 ipsa
999 2224 1049 2279 est
1073 2216 1200 2278 animas
1222 2215 1408 2279 videncium
1431 2209 1595 2275 interficit.

374 2343 412 2410 [p.
433 2343 502 2410 135·]
547 2343 688 2399 occasio
719 2343 833 2411 magni
862 2343 1005 2412 peceati.
1061 2337 1148 2399 Novi
1180 2337 1267 2399 enim
1297 2336 1367 2416 jam
1398 2353 1500 2396 unum
1535 2328 1639 2394 archi·

287 2456 475 2536 dyaconum
498 2477 666 2538 magnum,
683 2458 739 2539 qui
761 2478 826 2519 non
848 2465 899 2520 est
920 2458 1082 2535 sacerdoS,
1099 2476 1320 2539 necunquam
1341 2455 1410 2532 erit,
1426 2462 1462 2515 ut
1486 2451 1638 2522 creditur,

288 2576 366 2657 quia
389 2574 499 2639 fatuus
523 2586 573 2641 est
597 2584 640 2640 ex'
663 2577 797 2660 origine,
820 2585 853 2641 et
876 2577 977 2641 habet
1000 2576 1046 2658 xij
1071 2576 1275 2658 praebendaS,
1300 2586 1333 2639 et
1357 2592 1526 2655 nunquam
1548 2577 1640 2633 tenet

287 2697 501 2761 residentiam
528 2699 561 2760 in
587 2698 698 2780 aliqua
728 2719 849 2773 earum,
878 2710 912 2763 et
942 2708 1073 2762 tantum
1100 2719 1150 2759 xx
1160 2697 1205 2760 lb.
1233 2717 1292 2778 pro
1323 2695 1485 2777 expensis
1512 2702 1545 2755 et
1573 2690 1639 2753 illae

289 2818 525 2900 expenduntur
555 2820 737 2883 secundum
768 2819 973 2882 voluntatem
1007 2818 1162 2882 secularis
1191 2819 1259 2895 viri,
1289 2818 1344 2898 qui
1378 2816 1439 2878 sibi
1471 2813 1577 2888 servit,
1607 2820 1641 2875 et

288 2940 399 3002 omnia
432 2939 496 3002 alia
527 2940 616 3002 bona
655 2950 785 3022 recepta
816 2951 892 3004 sunt
930 2941 962 3002 in
997 2939 1150 3012 manibus
1186 2938 1403 3014 secularium3
1441 2945 1474 2999 et
1507 2933 1641 3016 quando

288 3060 437 3140 synodus
463 3080 520 3122 seu
545 3060 831 3124 archidiaconatus
859 3069 909 3124 est
939 3061 972 3122 in
996 3058 1083 3137 villa,
1110 3059 1166 3121 ubi
1197 3059 1267 3140 ipse
1298 3066 1452 3133 moratur,
1476 3057 1545 3137 ipse
1575 3073 1640 3116 non

289 3181 389 3244 intrat
419 3181 452 3242 in
479 3181 655 3261 synodum,
683 3181 740 3243 sed
770 3181 853 3244 ludit
884 3201 960 3244 cum
987 3200 1067 3243 cane
1095 3180 1146 3243 vel
1171 3198 1246 3242 cum
1271 3178 1361 3242 laicis
1384 3177 1536 3242 trufatis:
1569 3174 1641 3236 haec

290 3301 365 3362 novi
388 3320 459 3364 esse
480 3321 567 3375 vera,
592 3310 625 3364 et
648 3302 755 3364 scribo
778 3322 838 3383 pro
862 3321 982 3383 magna
1006 3321 1112 3364 causa.

376 3428 413 3496 [p.
443 3429 510 3497 157]
564 3429 657 3496 Papa
689 3430 871 3484 Romanus.
926 3419 957 3484 Ο
989 3420 1134 3484 Domine
1165 3421 1281 3484 Deus!
1320 3421 1456 3502 dignare
1487 3417 1642 3481 inclinare

289 3561 345 3604 cor
371 3551 405 3604 et
431 3551 577 3605 mentem
609 3542 734 3605 domini
761 3543 869 3623 Papae,
895 3554 932 3608 ut
958 3543 1131 3624 provideat
1154 3545 1241 3605 viros
1272 3543 1304 3603 in
1336 3541 1481 3614 ecclesia,
1508 3540 1541 3601 in
1573 3537 1641 3619 epi·

288 3682 417 3743 scopos,
448 3673 599 3737 rectores,
629 3670 662 3724 et
688 3662 825 3743 judices,
856 3673 889 3726 et
921 3663 1100 3741 officiarios
1131 3672 1167 3727 ut
1199 3661 1321 3726 saciant
1352 3682 1461 3743 opera,
1491 3661 1534 3724 ad
1565 3680 1640 3740 quae

290 3782 400 3846 fienda
431 3783 524 3845 Deus
555 3782 644 3845 misit
677 3784 857 3865 episcopos,
890 3792 923 3847 et
950 3783 1077 3866 judices
1108 3784 1301 3846 animarum.
1356 3782 1512 3865 Episcopi
1543 3781 1640 3855 enim,

290 3903 439 3980 abbates,
458 3912 491 3966 et
515 3911 667 3980 rectores,
682 3912 716 3967 et
740 3903 793 3967 alii
811 3903 880 3985 jam
902 3904 1067 3986 eliguntur
1087 3905 1223 3988 imperio
1244 3925 1358 3986 regum
1379 3912 1412 3967 et
1432 3902 1642 3967 dominorum

292 4026 544 4098 mundanorum,
570 4032 604 4086 et
630 4022 701 4106 jam
729 4023 932 4089 conferentes
958 4026 1064 4090 officia
1091 4027 1310 4091 ecclesiastica
1333 4024 1504 4089 conferunt
1527 4045 1567 4088 ea
1592 4024 1641 4088 in·

291 4145 479 4208 differenter
505 4144 624 4226 quibus
647 4144 763 4209 volunt
790 4165 855 4209 non
881 4147 1001 4228 quibus
1023 4148 1156 4225 debent,
1182 4148 1329 4211 dicentes
1355 4146 1510 4209 divitibus
1536 4166 1643 4210 sacer·

291 4267 435 4342 dotibus,
460 4285 535 4331 cum
566 4265 656 4348 Juda
687 4268 866 4347 proditore,
894 4267 1003 4350 ‘Quid
1026 4268 1126 4334 vultis
1156 4269 1254 4332 michi
1285 4269 1372 4344 dare,
1394 4276 1427 4331 et
1458 4287 1520 4349 ego
1549 4268 1644 4331 vobis

956 4386 980 4434 U
