3818 4904
278 411 314 472 18
652 418 751 472 LOCI
776 418 806 471 E
835 418 961 472 LIBRO
997 416 1256 474 VERITATUM.

274 653 334 696 nec
356 633 519 715 aspiciunt
538 632 590 695 vel
612 633 811 696 contrarium
827 633 956 695 veritati
968 632 1120 712 judicant
1136 641 1168 694 et
1183 651 1296 694 verum
1318 631 1434 695 salsum
1460 640 1492 694 et
1513 630 1632 695 salsum

273 773 387 816 verum
404 774 475 816 esse
491 753 676 829 affirmant3
700 753 784 815 sicut
801 762 916 816 notum
934 761 983 814 est
999 753 1042 814 de
1058 772 1123 815 uno
1140 753 1294 833 episcopo
1312 754 1344 814 in
1356 751 1486 825 Wallia,
1504 751 1632 815 famoso

273 875 444 955 quondam
465 874 570 954 gradu
591 882 624 935 et
646 873 794 948 sciencia,
809 874 865 953 qui
882 872 970 948 olim,
987 873 1066 935 dum
1087 872 1147 935 suit
1164 873 1240 934 vitae
1260 873 1365 949 bonae,
1381 873 1477 950 dixit,
1493 873 1631 954 scripsit,

274 1003 308 1056 et
331 992 523 1074 praedicavit
544 992 714 1073 quomodo
739 992 884 1074 episcopi
904 992 1083 1055 residerent
1107 991 1139 1054 in
1163 992 1229 1054 suis
1253 992 1337 1056 curis
1359 1001 1393 1055 et
1414 993 1632 1074 predicarent

273 1111 375 1177 verbo
400 1123 434 1176 et
459 1112 624 1194 exemp10,
641 1122 673 1175 et
695 1121 807 1175 tumen
831 1123 946 1193 postea
968 1133 1026 1194 per
1042 1112 1235 1175 instanciam
1258 1113 1468 1175 dominorum
1492 1113 1631 1175 munda·

274 1252 400 1310 norum,
416 1233 477 1295 sibi
501 1232 533 1294 in
557 1232 732 1295 mundanis
756 1233 1004 1295 condicionibus
1025 1240 1058 1295 et
1082 1231 1218 1295 cautelis
1241 1231 1469 1310 consImilium,
1490 1232 1635 1314 adeptus

275 1362 325 1416 est
341 1353 568 1435 episcopatum
586 1353 619 1415 in
634 1351 754 1414 Wallia
773 1361 807 1415 et
829 1352 964 1415 diversis
984 1352 1078 1415 annis
1093 1352 1151 1414 vix
1172 1372 1274 1433 parvo
1294 1360 1444 1434 tempore
1464 1351 1526 1415 suit
1547 1353 1633 1415 intra

274 1493 370 1537 suam
385 1472 551 1549 diocesim,
567 1474 625 1535 sed
643 1492 779 1534 manens
795 1471 979 1535 Londoniae
998 1472 1190 1553 praedicavit
1211 1472 1335 1535 ibidem
1350 1473 1441 1553 quod
1458 1472 1633 1554 episcopus

275 1592 309 1656 in
328 1592 391 1657 hoc
412 1593 500 1675 quod
523 1602 573 1656 est
596 1592 770 1673 episcopus
793 1611 859 1654 non
878 1600 1008 1654 tenetur
1025 1590 1159 1673 popu10,
1181 1592 1374 1674 accipiendo
1397 1592 1497 1654 istum
1520 1593 1633 1656 termi-

275 1733 355 1775 num
383 1713 560 1795 praedicare
587 1711 720 1794 populo,
746 1711 939 1793 accipiendo
966 1711 1066 1773 istum
1093 1712 1279 1790 terminum,
1306 1712 1493 1794 praedicare,
1515 1712 1548 1773 in
1572 1733 1635 1775 sua

273 1832 402 1896 famosa
433 1832 690 1915 significacione,
721 1842 755 1895 et
788 1832 835 1894 sic
869 1832 1007 1894 sciencia
1041 1833 1221 1895 destruitur
1254 1852 1313 1913 per
1346 1833 1633 1914 supervenientem

276 1954 499 2035 ignoranciam
516 1962 550 2015 et
566 1972 708 2015 errorem
724 1952 757 2014 in
774 1971 908 2033 poenam
925 1960 1133 2034 peccatorum
1150 1952 1411 2033 precedencium.

364 2072 584 2136 ‘Maledictus
606 2071 741 2134 dolosus
761 2071 818 2153 qui
837 2071 938 2134 habet
961 2072 994 2134 in
1014 2091 1115 2154 grege
1136 2093 1195 2134 suo
1218 2072 1400 2136 masculum
1424 2082 1457 2136 et
1481 2073 1633 2137 immolat

277 2194 423 2257 Domino
446 2190 572 2271 debile,’
594 2192 674 2255 dicit
699 2192 862 2255 Dominus
886 2190 1061 2255 Malachiae
1084 2193 1200 2273 prim0‚
1221 2192 1381 2255 consimili
1404 2215 1483 2256 vero
1505 2195 1632 2257 ratione

277 2314 474 2379 maledictus
498 2324 548 2378 est
571 2336 591 2378 a
614 2313 689 2376 Deo
716 2313 771 2393 qui
801 2312 892 2393 eligit
917 2322 950 2374 et
977 2312 1033 2393 qui
1063 2311 1138 2394 eligi
1163 2323 1317 2394 procurat
1344 2322 1377 2377 et
1402 2315 1458 2396 qui
1484 2315 1632 2378 admittit

277 2435 311 2498 in
342 2435 489 2516 regimen
516 2433 629 2518 populi
658 2433 749 2496 etin
777 2453 888 2496 curam
918 2433 1103 2495 animarum
1131 2434 1336 2514 ignorantem
1363 2445 1396 2498 et
1423 2435 1566 2498 debilem
1598 2436 1630 2498 in

276 2555 399 2620 virtute
419 2558 462 2620 ad
484 2554 728 2619 reformandum
754 2552 850 2628 mala,
868 2561 901 2615 et
924 2561 1044 2633 potest,
1060 2554 1086 2615 si
1106 2554 1194 2629 velit,
1211 2555 1388 2618 admittere
1411 2577 1485 2618 eum
1510 2557 1542 2618 in
1563 2556 1632 2620 tale

277 2676 422 2739 officium
438 2676 494 2757 qui
517 2675 658 2738 habilior
673 2684 723 2737 est
738 2674 781 2737 ad
801 2672 866 2736 hoc
884 2673 952 2736 vita
969 2684 1003 2736 et
1018 2674 1161 2751 scientia,
1178 2676 1333 2757 exemplo
1355 2676 1492 2739 Domini
1512 2677 1577 2758 qui,
1595 2686 1631 2739 ut

278 2805 372 2877 patet
399 2796 500 2859 Lucae
528 2802 582 2876 19⁰
604 2802 664 2868 ca0,
688 2795 813 2857 donum
841 2814 861 2856 a
884 2815 978 2857 servo
1005 2795 1116 2857 ocioso
1139 2794 1288 2858 ablatum
1311 2798 1467 2879 praecepit
1494 2796 1631 2860 conferri

279 2915 324 2978 illi
348 2916 404 2998 qui
431 2915 548 2979 habuit
574 2917 689 2979 decem
718 2915 823 2977 minas
852 2935 910 2977 seu
938 2915 1055 2977 decem
1085 2915 1181 2992 dona,
1199 2916 1279 2997 quia
1304 2916 1358 2979 ille
1390 2917 1513 2998 majora
1543 2916 1632 2980 bona

278 3057 380 3119 opera
402 3036 523 3100 fecerat
546 3046 579 3099 et
602 3037 671 3099 vita
694 3046 727 3099 et
750 3035 891 3099 sciencia
915 3033 1057 3098 habilior
1079 3035 1141 3098 suit
1164 3057 1264 3119 quam
1288 3037 1342 3099 ille
1365 3038 1420 3118 qui
1445 3047 1532 3101 recte
1555 3059 1633 3102 usus

278 3156 385 3222 fuerat
403 3158 548 3240 quinque
568 3157 674 3233 donis,
691 3166 725 3220 et
744 3157 819 3219 ideo
842 3155 887 3218 illi
911 3156 1004 3220 dedit
1026 3157 1180 3220 dominus
1203 3158 1327 3220 donum
1347 3158 1390 3221 ab
1408 3157 1519 3222 ocioso
1538 3169 1632 3221 servo

278 3277 439 3355 ablatum,
464 3279 518 3360 qui
545 3278 662 3341 melius
689 3277 769 3340 illud
796 3275 919 3339 habere
947 3277 1074 3349 meruit,
1101 3278 1213 3359 etqui
1240 3277 1356 3341 melius
1387 3279 1504 3359 potuit,
1531 3279 1632 3356 novit,

280 3407 313 3462 et
339 3398 444 3464 voluit
474 3398 529 3461 illo
562 3399 607 3461 uti
638 3398 681 3461 ad
712 3397 777 3460 Dei
807 3396 940 3460 laudem
972 3407 1006 3460 et
1035 3398 1078 3461 ad
1109 3399 1293 3461 animarum
1324 3399 1473 3477 salutem,
1501 3408 1536 3462 ut
1566 3408 1632 3463 tes·

279 3528 372 3583 tatur
400 3518 543 3583 Sanctus
572 3518 758 3601 Jeronimus
789 3526 903 3581 contra
932 3513 1143 3598 jovinianum
1174 3519 1355 3583 hereticum
1386 3519 1433 3582 li⁰.
1458 3520 1505 3600 ij0.
1562 3519 1631 3585 Sed

279 3640 394 3704 dicunt
421 3640 574 3722 episcopi,
600 3639 792 3703 ‘Nescimus
816 3639 890 3720 quis
915 3649 965 3701 est
991 3638 1132 3702 habilior
1158 3648 1194 3701 ut
1218 3640 1260 3702 sit
1285 3640 1317 3702 in
1347 3640 1455 3702 officio
1485 3639 1632 3706 ecclesiae

279 3761 321 3824 ad
338 3781 449 3825 curam
465 3756 670 3824 animarum’
716 3759 855 3824 Talibus
872 3759 959 3822 enim
976 3768 1087 3839 potest
1103 3769 1190 3822 recte
1207 3760 1282 3834 dici,
1300 3759 1418 3823 ‘Scitis
1434 3781 1632 3844 cognoscere

278 3880 344 3944 alia
370 3890 499 3944 terrena
526 3890 560 3944 et
585 3881 693 3946 dicere
721 3881 766 3943 sic
794 3889 826 3943 et
852 3881 898 3942 sic
926 3891 985 3955 est,
1010 3881 1067 3942 sed
1097 3880 1204 3943 dicitis
1229 3881 1261 3942 in
1287 3881 1502 3944 admittendis
1524 3880 1632 3944 homi·

278 4001 375 4063 nibus
404 4002 518 4066 officiis
549 4001 702 4074 ecclesiae,
730 4002 894 4064 nescimus
918 4001 992 4082 quis
1020 4008 1069 4063 est
1096 3999 1214 4063 habilis
1240 4001 1282 4063 ad
1308 4000 1372 4064 hoc
1396 4015 1456 4064 nec
1482 4002 1555 4083 quis
1581 4011 1633 4065 est

279 4117 438 4200 habili0r3
469 4123 620 4204 quamvis
647 4143 746 4204 opera
770 4121 866 4195 bona,
895 4122 1076 4197 maturitas,
1103 4130 1225 4203 gestus,
1250 4131 1284 4184 et
1311 4143 1413 4204 opera
1439 4122 1572 4205 publica
1599 4124 1632 4185 in

276 4241 417 4306 salutem
445 4244 563 4307 animae
592 4242 680 4308 facta
703 4244 883 4306 ostendunt
905 4244 1010 4306 virum
1036 4264 1108 4306 esse
1134 4242 1328 4306 habiliorem
1356 4243 1421 4307 alio
1444 4245 1485 4307 ad
1513 4243 1633 4324 guber·
