3818 4904
684 432 782 487 LOCI
809 432 837 484 E
867 431 990 485 LIBRO
1026 432 1285 486 VERITATUM.
1627 436 1669 499 95

309 648 546 710 nutrimentum
563 647 695 729 majoris
709 648 841 711 virtutis
855 667 966 711 coram
983 647 1066 724 De0,
1085 657 1119 711 et
1139 647 1255 711 salutis
1271 649 1465 727 animarum,
1483 660 1515 714 et
1532 651 1668 733 quando

309 768 522 831 observancia
549 768 623 831 talis
648 788 714 831 non
741 767 787 830 sic
814 768 922 845 cedit;
953 777 987 831 et
1013 768 1060 830 sic
1088 767 1165 831 fecit
1192 768 1334 832 Sanctus
1360 769 1451 852 Papa
1479 769 1667 853 Gregorius,

309 897 347 951 ut
362 898 455 970 patet
470 890 503 951 in
519 910 579 951 suo
596 888 761 970 Registro,
777 889 911 971 quando
926 888 1075 970 permisit
1087 887 1251 970 Anglicos
1267 898 1345 953 tunc
1363 898 1499 953 vocatos
1516 891 1669 954 Britones

309 1008 433 1071 nubere
456 1009 539 1071 infra
564 1018 605 1087 7¹¹¹
627 1010 768 1089 gradum
791 1009 1093 1090 consanguinitatis
1110 1028 1152 1071 ne
1174 1008 1217 1071 ob
1237 1009 1402 1072 desectum
1425 1011 1501 1072 talis
1522 1010 1669 1075 licenciae

309 1129 344 1190 in
375 1129 535 1211 principio
567 1129 777 1192 admissionis
806 1129 884 1192 fidei
915 1130 1049 1192 Xtianae
1079 1150 1138 1210 per
1166 1129 1304 1192 beatum
1332 1129 1569 1212 Augustinum,
1594 1131 1668 1195 An-

308 1248 439 1330 glorum
466 1251 646 1323 doctorem,
672 1249 773 1313 fidem
801 1249 861 1312 Xti
888 1248 998 1331 plures
1024 1258 1102 1312 tunc
1134 1250 1166 1311 in
1193 1248 1320 1332 Anglia
1351 1271 1416 1313 non
1448 1252 1669 1334 recepissent;

308 1377 427 1450 postea
453 1378 575 1447 tamen,
604 1370 669 1433 fide
691 1369 842 1443 solidata,
866 1369 952 1433 hanc
975 1370 1145 1432 licenciam
1172 1370 1219 1432 eis
1244 1391 1309 1434 non
1333 1372 1489 1452 permisit,
1517 1382 1552 1436 ut
1575 1382 1670 1454 patet

314 1496 368 1572 13⁰
390 1489 474 1553 libro
499 1490 642 1573 Registri
667 1489 781 1554 Sancti
805 1489 956 1571 Gregorii
980 1491 1088 1572 Papae‚
1111 1491 1168 1552 i.e.
1193 1491 1226 1552 in
1257 1498 1312 1574 13⁰
1334 1491 1418 1554 libro
1442 1492 1668 1574 Epistolarum

309 1631 453 1674 suarum.
497 1609 692 1692 Aliquando
717 1611 804 1673 enim
828 1610 918 1692 Papa
941 1611 975 1672 in
999 1609 1111 1673 dando
1138 1609 1309 1674 licenciam
1337 1632 1403 1675 non
1429 1623 1553 1696 peccat,
1578 1615 1668 1695 quod

309 1741 424 1795 sancte
450 1731 624 1795 intendens
650 1731 683 1793 in
710 1730 947 1795 informacione
969 1731 1139 1813 decipitur,
1162 1731 1215 1795 vel
1241 1733 1363 1795 veritas
1386 1734 1513 1815 negocii
1541 1734 1583 1796 ab
1611 1734 1669 1798 illo

310 1853 503 1929 occultatur,
534 1861 567 1915 et
596 1851 648 1915 vel
680 1852 869 1934 ignorancia
899 1851 1070 1932 decipitur,
1101 1851 1154 1914 vel
1186 1853 1286 1915 nimia
1317 1853 1569 1936 importunitate
1598 1857 1670 1918 vin·

310 1974 402 2050 citur,
427 1981 465 2037 ut
487 1981 628 2037 testatur
652 1971 795 2039 Sanctus
820 1971 1006 2035 Bernardus
1031 1971 1063 2034 in
1090 1972 1242 2054 Epistola
1266 1993 1326 2035 sua
1348 1973 1392 2036 ad
1416 1972 1531 2037 Adam
1555 1995 1670 2038 mona·

310 2092 409 2158 chum
433 2114 508 2175 quae
535 2093 657 2175 incipit,
681 2092 737 2157 ‘Si
762 2113 912 2154 maneres
937 2092 969 2154 in
997 2088 1153 2155 caritate.'
1199 2092 1266 2157 Sed
1288 2114 1339 2156 vae
1364 2093 1445 2157 illis!
1479 2116 1499 2157 a
1523 2095 1671 2159 Domino

311 2214 395 2290 De0,
410 2214 467 2296 qui
490 2214 663 2277 dominum
688 2213 812 2295 Papam
836 2213 882 2275 sic
905 2213 1082 2293 decipiunt,
1101 2213 1153 2275 vel
1176 2234 1236 2294 pro
1259 2213 1349 2277 lucro
1371 2235 1428 2277 seu
1451 2215 1572 2294 favore,
1587 2217 1672 2279 veri-

310 2344 417 2399 tatem
448 2335 491 2397 ab
518 2356 558 2398 eo
589 2335 767 2398 occultant.
817 2333 880 2396 Vae
914 2333 995 2395 illisi
1030 2335 1086 2415 qui
1117 2343 1233 2397 contra
1262 2335 1463 2416 apostolum,
1490 2338 1595 2418 prima
1625 2340 1668 2400 ad

312 2454 510 2520 Corintheos
527 2452 569 2531 8⁰,
587 2465 726 2519 utuntur
744 2455 880 2519 licencia
898 2475 957 2517 sua
976 2455 1009 2516 in
1028 2454 1271 2531 offendiculum,
1292 2464 1326 2517 et
1346 2456 1379 2517 in
1400 2456 1528 2518 ruinam
1549 2459 1672 2521 anImae

311 2598 390 2651 suae,
409 2584 443 2639 et
466 2577 498 2639 in
514 2576 752 2640 detrimentum
771 2576 930 2639 aliorum:
955 2571 1113 2652 ‘Videte'
1130 2576 1236 2657 inquit
1256 2574 1437 2657 apostolus,
1453 2581 1513 2639 ‘ne
1534 2577 1671 2642 licencia

311 2708 421 2762 vestra
451 2697 687 2760 offendiculum
715 2697 773 2760 fiat
800 2692 957 2770 infirmis‚’
984 2697 1045 2758 i.e.
1072 2697 1202 2759 occasio
1229 2697 1355 2777 peccati
1383 2695 1609 2778 ignorantibus
1636 2708 1670 2763 et

311 2819 515 2900 simplicibus
546 2819 602 2900 qui
639 2821 792 2900 ignorant
830 2828 864 2881 et
900 2826 1019 2880 errant.
1078 2817 1174 2880 Licet
1210 2817 1297 2879 enim
1335 2816 1425 2898 Papa
1458 2818 1552 2882 dedit
1585 2819 1672 2885 forte

312 2949 428 3005 sancta
455 2939 642 3004 intencione
669 2939 840 3003 licenciam
865 2939 935 3014 tibi,
960 2939 1002 3001 ad
1029 2937 1153 3020 aliquid
1180 2938 1369 3001 habendum
1393 2938 1445 3001 vel
1472 2939 1669 3017 faciendum,

313 3080 381 3124 non
406 3068 478 3125 tum
502 3061 596 3124 dedit
626 3081 686 3124 nec
714 3062 793 3124 dare
824 3069 935 3142 potest
965 3059 1135 3123 licenciam
1166 3051 1209 3121 ad
1236 3059 1282 3121 sic
1311 3058 1499 3123 faciendum
1528 3061 1581 3124 vel
1610 3064 1670 3125 tali

313 3183 415 3245 modo
441 3181 638 3257 faciendum,
662 3202 728 3262 quo
756 3182 857 3244 modo
883 3180 993 3263 plures
1018 3182 1207 3257 abutuntur,
1236 3188 1322 3243 teste
1349 3179 1474 3244 Sancto
1500 3181 1671 3262 Jeronimo

313 3323 412 3384 super
435 3302 620 3366 Matheum.
675 3301 901 3384 Exemplum:
935 3297 1026 3383 Papa
1049 3300 1134 3363 sorte
1158 3301 1334 3368 instructus
1357 3310 1391 3363 te
1414 3321 1485 3364 esse
1507 3313 1668 3378 sanctum,

313 3426 460 3501 doctum,
482 3433 516 3487 et
541 3423 651 3506 magni
675 3422 735 3485 zeli
758 3424 875 3500 virum,
897 3421 1045 3486 licenciat
1069 3421 1138 3500 tibi,
1156 3430 1291 3502 propter
1311 3419 1436 3502 majora
1458 3443 1559 3505 opera
1581 3424 1670 3487 bona

313 3545 432 3624 fienda,
456 3555 493 3609 ut
520 3545 645 3609 habeas
667 3546 751 3608 duas
779 3545 942 3622 ecclesias
968 3544 1051 3606 duas
1078 3562 1216 3624 magnas
1243 3542 1447 3624 praebendas,
1471 3551 1505 3606 et
1530 3543 1597 3607 duo
1621 3545 1671 3607 in·

312 3667 539 3750 compatibilia
570 3687 615 3731 ex
645 3666 728 3748 jure,
760 3675 794 3729 et
824 3676 869 3741 tu,
901 3666 1042 3729 abutens
1077 3674 1135 3727 tua
1156 3663 1311 3741 licencia,
1341 3664 1497 3745 pecunias
1532 3663 1669 3747 colligis,

313 3802 351 3856 ut
378 3791 410 3854 in
437 3789 664 3872 voluptatibus
694 3789 784 3851 etin
808 3787 923 3850 mundi
946 3786 1071 3849 honore
1092 3785 1192 3858 vivas,
1216 3804 1328 3848 curarn
1352 3784 1500 3848 debitam
1521 3785 1670 3867 negligis,

313 3933 431 3996 parum
454 3912 544 3994 quod
567 3910 655 3983 facis,
677 3931 735 3992 per
757 3909 858 3972 alium
882 3907 972 3982 sacis,
998 3926 1057 3970 nec
1080 3905 1221 3988 qualiter
1243 3905 1289 3982 fit,
1307 3905 1461 3978 attendiS,
1481 3913 1516 3967 tu
1540 3906 1671 3969 ociosus

314 4046 348 4100 et
372 4037 404 4099 in
428 4034 554 4098 deliciis
580 4032 739 4106 ambulas,
764 4051 823 4094 nec
850 4038 1044 4112 cooperator
1066 4036 1198 4090 actuum
1223 4047 1309 4090 curae
1331 4025 1517 4088 debitorum
1542 4025 1670 4100 existis,

313 4157 372 4221 sed
404 4155 590 4219 mercedem
621 4174 681 4236 pro
715 4151 960 4215 sustentacione
990 4160 1047 4213 tua
1078 4149 1110 4210 in
1141 4168 1218 4211 cura
1246 4146 1288 4210 de
1318 4165 1395 4209 cura
1426 4145 1550 4227 recipis
1576 4156 1610 4209 et
1635 4147 1669 4208 in

313 4278 448 4343 delicias
476 4286 553 4341 tuas
579 4275 752 4357 expendis,
779 4283 811 4338 et
839 4282 952 4336 sancta
978 4291 1078 4353 opera
1105 4290 1164 4351 per
1193 4269 1248 4332 illa
1274 4269 1362 4331 bona
1390 4265 1534 4331 ecclesiae
1560 4267 1672 4330 fienda
