3818 4904
668 426 768 482 LOCI
793 427 824 480 E
851 427 976 482 LIBRO
1012 426 1271 482 VERITATUM.
1608 416 1648 496 89

291 637 433 701 siderate
459 639 549 720 quod
572 639 661 703 Xtus
685 640 765 704 dicit
790 641 823 702 in
847 641 1030 724 Evangelio
1053 663 1124 706 esse
1146 640 1401 723 complendum:
1425 639 1516 703 ‘Nisi
1540 639 1648 722 poeni·

291 759 435 822 tenciam
452 759 592 841 egeritis,
609 781 725 825 omnes
740 762 837 825 simul
857 764 1006 845 peribitis
1018 762 1035 842 ;’
1055 774 1088 827 et
1106 763 1254 851 Sanctus¹
1262 762 1386 838 Petrus,
1402 760 1465 823 illis
1482 761 1537 842 qui
1556 761 1649 841 igno·

291 879 411 942 rabant
430 889 568 963 peccata
590 901 662 944 esse
683 903 784 962 opera
802 903 877 964 quae
901 883 1056 959 fecerunt,
1076 883 1172 960 dixit,
1191 881 1341 946 Actuum
1358 887 1401 963 3⁰,
1418 879 1650 944 ‘Poenitemini

292 1008 327 1062 et
348 1000 583 1078 convertimini,
606 1011 643 1065 ut
669 1002 843 1065 deleantur
868 1013 978 1067 vestra
1005 1003 1171 1086 peccata3'
1199 1002 1378 1066 ostendens
1402 1002 1440 1064 in'
1457 1002 1520 1064 hiis
1542 1001 1650 1064 verbis

292 1096 496 1183 aversionem
514 1141 535 1184 a
556 1131 702 1202 peccat0,
719 1132 753 1186 et
774 1125 1020 1187 conversionem
1042 1125 1085 1187 ad
1101 1125 1189 1188 bona
1211 1144 1312 1206 opera
1332 1123 1446 1185 debita
1467 1122 1650 1186 necessaria

293 1259 365 1303 esse
388 1240 431 1304 ad
453 1241 585 1304 veniam
607 1264 718 1305 veram
742 1246 1009 1326 consequendam
1032 1268 1052 1308 a
1073 1246 1158 1308 Deo.
1192 1244 1452 1308 ‘Poenitenciam
1471 1241 1559 1305 enim
1582 1262 1651 1305 cer·

293 1356 385 1434 tam,'
405 1370 443 1424 ut
463 1369 605 1426 testatur
626 1361 769 1426 Sanctus
792 1363 1010 1446 Augustinus,
1030 1369 1115 1428 ‘non
1139 1365 1218 1430 facit
1239 1364 1300 1427 nisi
1327 1363 1441 1427 odium
1466 1362 1593 1445 peccati
1618 1372 1652 1425 et

292 1500 388 1543 amor
415 1481 487 1557 Dei,
516 1491 552 1545 ut
581 1483 641 1546 tibi
671 1504 819 1547 amarum
848 1486 955 1567 sapiat
982 1486 1015 1548 in
1045 1486 1156 1548 anima
1183 1486 1272 1568 quod
1299 1484 1396 1548 dulce
1422 1483 1484 1546 fuit
1513 1483 1547 1545 in
1573 1483 1650 1556 vita,

294 1609 330 1664 et
358 1602 449 1683 quod
479 1611 514 1666 te
544 1603 634 1684 prius
663 1603 853 1668 delectabat
883 1606 916 1668 in
947 1626 1091 1688 corpore,
1123 1606 1232 1688 ipsum
1262 1612 1296 1668 te
1327 1605 1448 1668 cruciet
1477 1604 1511 1666 in
1540 1603 1650 1666 corde.

293 1721 371 1803 Jam
398 1729 478 1787 tunc
503 1725 589 1795 bene
614 1725 800 1808 ingemistis
822 1723 895 1812 (sic)
918 1727 960 1790 ad
989 1728 1099 1791 Deum
1127 1738 1160 1791 et
1187 1726 1291 1790 dicis:
1321 1725 1398 1788 Tibi
1421 1725 1482 1788 soli
1508 1723 1652 1806 peccavi,

295 1845 339 1908 da
362 1843 619 1909 misericordiam
640 1848 768 1922 misero,
789 1848 845 1929 qui
866 1848 993 1911 tamdiu
1014 1847 1189 1930 pepercisti
1212 1846 1397 1911 criminoso.
1444 1843 1586 1908 Inclinet
1607 1842 1651 1906 ad

295 1965 478 2028 remedium
515 1965 686 2030 humilitas
720 1967 922 2047 poenitentis,
961 1988 1059 2049 quem
1097 1986 1291 2049 permonere
1329 1987 1394 2029 non
1432 1965 1540 2048 potuit
1580 1964 1652 2027 diu·

293 2087 437 2151 tumitas
465 2087 593 2168 peccati
624 2087 815 2169 peccatoris.
871 2088 935 2151 Dic
962 2088 1008 2150 illi
1038 2090 1071 2151 in
1099 2087 1178 2153 fletu
1210 2088 1338 2152 cordis:
1371 2085 1499 2167 Aspice
1526 2086 1571 2149 ad
1597 2106 1652 2148 me

294 2206 459 2271 infelicem
480 2208 605 2290 pietate
627 2209 797 2285 immensa,
821 2211 946 2291 respice
972 2208 1139 2272 crudelem
1167 2207 1389 2271 misericordia
1413 2205 1553 2288 publica,
1578 2208 1653 2270 des·

293 2337 436 2411 peratus,
468 2347 513 2391 sc.
538 2329 581 2391 de
610 2329 733 2392 viribus
763 2329 853 2404 meis,
881 2329 925 2393 ad
956 2329 1222 2410 omnipotentem
1252 2328 1358 2403 venio,
1388 2326 1578 2390 vulneratus
1608 2326 1652 2389 ad

294 2449 460 2512 medicum
485 2465 587 2523 curro,
611 2470 705 2512 serva
731 2451 890 2531 pietatem
918 2450 1188 2526 mansuetudinis,
1216 2452 1271 2531 qui
1298 2448 1425 2512 tamdiu
1452 2447 1680 2531 suspendisti

294 2568 442 2652 gladium
473 2568 630 2648 ulcionis3
669 2570 743 2633 dele
774 2573 1045 2636 numerositatem
1077 2573 1248 2636 criminum
1285 2569 1496 2634 multitudine
1527 2568 1654 2633 miseri·

294 2689 501 2754 cordiarum.'
551 2690 636 2754 Haec
653 2690 797 2755 Sanctus
812 2692 1023 2775 Augustinus
1047 2692 1209 2757 Sermone
1234 2693 1423 2770 centesimo,
1444 2697 1478 2757 2⁰
1493 2711 1652 2766 sermone,

294 2831 339 2876 sc.
360 2810 506 2875 secundo
528 2810 582 2874 De
603 2812 789 2876 Nativitate
811 2813 968 2892 Domini;
997 2824 1030 2877 et
1052 2815 1164 2877 subdit
1185 2815 1218 2876 in
1241 2813 1359 2877 eodem
1380 2833 1550 2876 sermone:
1573 2811 1654 2874 ‘Illa

294 2940 346 2996 est
360 2952 437 2995 vera
452 2931 654 3013 poenitencia
667 2933 801 3015 quando
817 2934 863 2996 sic
879 2934 1080 2998 convertitur
1095 2934 1168 3015 quis
1184 2943 1221 2996 ut
1237 2954 1303 2996 non
1320 2941 1508 3011 revertatur,
1520 2933 1654 3015 quando

295 3053 343 3117 sic
365 3052 507 3135 poenitet
531 3062 569 3116 ut
591 3073 656 3117 non
681 3062 827 3137 repetat3
858 3054 952 3118 multi
978 3054 1067 3118 enim
1094 3055 1226 3118 assidue
1251 3074 1287 3117 se
1314 3053 1428 3118 dicunt
1455 3063 1653 3136 peccatores,

295 3183 330 3237 et
354 3181 426 3236 tum
453 3172 563 3237 adhuc
592 3172 738 3237 delectat
763 3195 820 3238 eos
847 3195 992 3257 peccare,
1019 3175 1178 3258 professio
1212 3184 1263 3238 est
1290 3184 1323 3238 et
1347 3195 1412 3238 non
1441 3175 1656 3252 emendaci03

294 3302 468 3358 accusatur
488 3295 600 3359 anima
623 3305 656 3359 et
680 3316 746 3358 non
768 3304 912 3374 sanatur,
934 3296 1170 3378 pronunciatur
1192 3296 1318 3359 oflensa
1341 3297 1398 3359 sed
1421 3314 1487 3359 non
1509 3294 1656 3359 tollitur.’

296 3410 383 3475 Haec
406 3411 450 3474 ibi
474 3422 611 3476 sanctus
633 3414 751 3477 doctor
770 3412 989 3496 Augustinus.
1036 3413 1202 3477 Dominus
1224 3412 1321 3492 enim,
1344 3419 1401 3496 32⁰
1423 3418 1509 3496 cap0.
1534 3411 1657 3488 Exodi,

294 3528 445 3611 placatus
460 3539 519 3605 est,
536 3550 579 3592 ne
593 3529 719 3593 deleret
733 3529 893 3612 populum
910 3530 1012 3594 Israel
1028 3540 1144 3594 orante
1159 3531 1281 3612 Moyse
1296 3551 1390 3593 servo
1405 3530 1478 3605 Dei,
1495 3539 1528 3593 et
1544 3536 1657 3592 tamen

294 3669 430 3713 omnem
453 3670 590 3733 poenam
612 3652 659 3713 eis
682 3651 831 3715 debitam
847 3661 925 3715 tunc
950 3672 1016 3715 non
1036 3652 1172 3715 dimisit.
1218 3652 1320 3716 Unde
1342 3662 1466 3733 postea,
1482 3650 1515 3712 in
1538 3651 1655 3713 eodem

294 3775 368 3847 ca⁰.,
389 3769 555 3834 Dominus
581 3771 677 3849 dixit,
700 3772 761 3834 ‘ln
782 3773 836 3835 die
858 3770 996 3836 ulcionis
1018 3771 1180 3847 visitab0,’
1207 3773 1228 3835 i.
1241 3793 1270 3836 e.
1295 3771 1432 3853 puniam
1455 3769 1518 3834 hoc
1542 3790 1658 3852 pecca·

295 3898 368 3954 tum
398 3910 536 3968 eorum;
567 3902 601 3955 et
632 3892 772 3955 Numeri
802 3892 960 3956 vicesimo
982 3899 1019 3972 4⁰
1049 3893 1137 3957 dixit
1168 3893 1333 3957 Dominus
1364 3891 1484 3972 Moysi,
1512 3888 1658 3954 ‘Dimisi

295 4011 421 4094 populo
446 4011 559 4075 Israeli
586 4012 686 4094 juxta
716 4013 854 4076 verbum
885 4023 980 4076 tuum
1012 4022 1057 4090 ut,
1089 4035 1144 4091 sc,
1171 4035 1228 4078 eos
1255 4013 1325 4094 jam
1357 4033 1423 4076 non
1454 4011 1593 4091 deleam,
1624 4021 1658 4076 et

291 4130 363 4214 jam
389 4152 455 4196 non
483 4153 688 4196 consumam.
743 4132 909 4198 Attamen
935 4155 1052 4198 onmes
1079 4134 1135 4217 qui
1166 4154 1231 4198 non
1256 4133 1452 4198 obedierunt
1478 4133 1550 4197 voci
1573 4152 1658 4196 meae

295 4272 363 4317 non
386 4253 548 4318 videbunt
572 4264 703 4333 terram,
727 4275 771 4320 sc.
793 4254 1030 4336 promissionis,
1056 4255 1114 4319 filii
1140 4266 1252 4320 autem
1278 4255 1378 4320 vestri
1403 4265 1500 4319 erunt
1526 4253 1601 4336 vagi
1625 4252 1659 4316 in

960 4373 986 4421 N
