3818 4904
280 434 318 482 12
652 424 751 480 LOCI
776 426 806 478 E
834 424 957 478 LIBRO
993 422 1252 478 VERITATUM.

278 638 498 721 antiquorum,
521 639 554 701 in
580 649 729 720 tempore
752 637 863 700 Annae
891 636 1011 717 reginae
1035 634 1170 716 Angliae
1194 643 1228 697 et
1252 633 1365 696 uxoris
1389 634 1473 717 regis
1497 634 1632 700 Ricardi

279 779 339 822 nec
361 769 438 823 ante
461 768 594 842 tempus
616 760 696 823 illud
716 767 825 822 vestes
847 757 1055 820 dominarum
1078 755 1121 817 ad
1149 764 1269 817 terram
1295 756 1534 820 descenderunt
1557 777 1633 820 cum

281 880 404 943 caudis.

369 1009 410 1074 [p.
437 1009 505 1074 πμ]
543 1007 644 1063 Deus.
712 1000 787 1081 Ego
824 997 973 1061 Thomas
1012 993 1198 1076 Gascoigne
1230 1015 1320 1076 saepe
1358 996 1424 1059 vidi
1465 1005 1499 1059 et
1536 997 1637 1059 credo

282 1119 428 1194 firmiter,
466 1121 555 1202 quod
593 1140 692 1202 opera
730 1141 803 1202 quae
844 1116 997 1181 dominus
1038 1113 1277 1196 Lynconiensis
1314 1116 1430 1179 doctor
1468 1116 1637 1180 Robertus

284 1238 491 1303 Grosseteste
517 1240 621 1304 edidit
647 1250 681 1304 et
705 1240 836 1321 propria
864 1258 962 1300 manu
990 1256 1049 1299 sua
1075 1235 1213 1317 scripsit,
1236 1256 1311 1316 quae
1334 1256 1435 1317 opera
1457 1258 1520 1319 ego
1547 1259 1637 1320 saepe

282 1360 360 1434 vidi,
391 1361 578 1424 extendunt
611 1382 647 1423 se
682 1361 715 1422 in
749 1359 935 1441 quantitate
971 1357 1082 1438 scripti
1113 1355 1199 1418 ultra
1232 1356 1454 1437 quantitatem
1491 1358 1638 1421 doctoris

282 1479 438 1543 Nicholai
465 1481 508 1543 de
535 1479 626 1561 Lyra
649 1500 749 1562 supra
772 1479 967 1560 scripturam
993 1497 1130 1553 sacram,
1158 1476 1191 1538 in
1221 1496 1318 1539 sensu
1349 1476 1514 1556 historico,
1540 1487 1573 1541 et
1604 1479 1637 1541 in

283 1621 383 1682 opere
409 1621 470 1664 suo
497 1600 612 1663 morali
637 1620 737 1682 super
762 1598 914 1674 Bibliam,
936 1598 1026 1679 quod
1051 1618 1134 1679 opus
1162 1596 1285 1659 morale
1311 1597 1455 1660 doctoris
1477 1598 1520 1661 de
1547 1597 1638 1679 Lyra

283 1741 348 1802 ego
371 1721 460 1784 idem
482 1720 629 1784 Thomas
651 1717 836 1802 Gascoigne
857 1718 924 1781 vidi
947 1717 1090 1782 Oxoniae
1109 1717 1142 1780 in
1164 1714 1314 1799 Collegio
1338 1717 1454 1782 Balioli
1478 1719 1510 1781 in
1535 1719 1639 1781 mani·

284 1841 346 1904 bus
369 1840 515 1904 doctoris
540 1841 679 1904 Roberti
705 1839 866 1921 Twathys
892 1837 1039 1919 magistri
1064 1836 1253 1919 principalis
1278 1836 1363 1899 illius
1390 1837 1540 1921 Collegii.

373 1970 410 2036 [p.
437 1968 505 2035 ast-l
544 1960 575 2025 O
603 1980 703 2042 quam
731 1980 851 2042 magna
878 1968 955 2022 sunt
986 1978 1086 2040 opera
1115 1966 1182 2028 tua,
1215 1958 1360 2020 Domine
1390 1959 1501 2023 Deus!
1563 1960 1640 2024 Hoc

285 2100 374 2142 anno
400 2079 462 2144 Xti
488 2080 568 2162 Jesu
595 2094 685 2162 1457,
709 2081 741 2142 in
765 2101 831 2162 quo
853 2079 959 2143 fecisti
984 2077 1143 2160 plurimos
1171 2077 1323 2140 homines
1350 2080 1432 2142 mori
1458 2079 1491 2142 in
1513 2080 1641 2162 Anglia

285 2202 470 2265 emittendo
497 2201 692 2283 sanguinem
718 2221 777 2283 per
802 2222 848 2276 os,
875 2220 934 2282 per
963 2219 1067 2277 nares,
1094 2219 1153 2280 per
1182 2197 1304 2278 oculos,
1328 2220 1386 2282 per
1419 2221 1554 2282 ungueS,
1581 2221 1641 2283 per

283 2320 462 2402 juncturas,
490 2333 524 2386 et
550 2342 610 2404 per
633 2342 805 2399 secessum,
832 2320 957 2385 scilicet
980 2319 1013 2382 in
1041 2319 1104 2382 illis
1131 2319 1280 2399 partibus
1303 2321 1447 2402 corporis
1474 2342 1533 2403 per
1558 2342 1640 2405 quas

285 2441 484 2505 horribiliter
513 2442 623 2523 jurare
655 2451 911 2507 consueverant:
950 2440 1073 2503 scilicet
1103 2461 1163 2522 per
1192 2440 1304 2503 oculos
1334 2440 1404 2519 Xti,
1434 2463 1494 2524 per
1522 2442 1640 2507 faciem

283 2562 358 2637 Xti,
386 2583 445 2644 per
474 2562 578 2626 latera
608 2563 677 2640 Xti,
704 2583 763 2644 per
791 2561 986 2644 sanguinem
1014 2560 1083 2637 Xti,
1108 2581 1167 2642 per
1194 2581 1249 2624 cor
1276 2560 1335 2623 Xti
1362 2562 1555 2643 preciosum,
1583 2584 1642 2646 per

286 2682 397 2745 clavos
424 2681 484 2744 Xti
511 2683 544 2745 in
570 2684 637 2745 suis
665 2684 817 2745 manibus
844 2692 878 2746 et
904 2681 1064 2764 pedibus3
1102 2681 1134 2742 in
1161 2682 1281 2762 quibus
1310 2682 1461 2763 partibus
1489 2683 1643 2748 homines

286 2802 419 2885 plurimi
449 2813 521 2865 tum
552 2802 609 2865 illo
639 2823 726 2866 anno
756 2802 931 2866 dominicae
962 2801 1197 2865 incarnacionis
1227 2802 1421 2882 sanguinem
1452 2804 1640 2879 emiserunt,

288 2932 325 2987 ut
348 2943 411 3004 ego
433 2931 530 2986 autor
551 2922 649 3004 hujus
670 2923 754 3001 libri,
777 2944 834 2986 seu
858 2923 979 3006 scripti,
1002 2923 1045 2987 de
1067 2923 1260 2986 veritatibus
1283 2921 1437 3001 collectis,
1459 2926 1642 2989 secundum

287 3042 429 3106 formam
452 3042 584 3120 tabulae,
605 3045 679 3106 novi
702 3053 736 3108 et
759 3064 818 3126 pro
843 3045 1001 3106 memoria
1020 3043 1203 3107 futurorum
1226 3042 1298 3107 haec
1320 3044 1453 3126 scripsi3
1485 3055 1520 3109 et
1543 3046 1643 3110 eredo

287 3163 431 3240 firmiter,
454 3164 543 3245 quod
568 3184 688 3247 magna
711 3165 757 3227 ira
780 3165 844 3227 Dei
868 3165 1019 3228 imminet
1041 3185 1140 3247 super
1162 3164 1272 3246 capita
1294 3164 1396 3245 plura,
1418 3186 1476 3229 seu
1499 3175 1643 3231 rectores

287 3283 398 3366 plures
427 3283 460 3345 in
497 3283 620 3366 populo
650 3284 724 3363 Dei,
757 3286 813 3367 qui
845 3294 972 3367 ponunt
1003 3285 1146 3349 festucas
1176 3285 1210 3348 in
1240 3285 1364 3367 populo
1395 3287 1451 3350 ubi
1481 3295 1643 3370 ponerent

287 3403 483 3486 columpnas
521 3404 613 3468 vivas
651 3406 684 3467 in
725 3405 882 3488 regimine
918 3407 1102 3470 animarum
1141 3416 1176 3470 et
1219 3406 1333 3489 populi
1373 3407 1465 3486 Dei3
1514 3419 1644 3490 ponunt

288 3525 377 3589 enim
399 3546 518 3606 pueros
540 3525 573 3586 in
597 3525 751 3603 ecclesiis,
769 3525 803 3588 in
826 3528 1021 3607 praebendis,
1039 3527 1073 3590 in
1093 3527 1317 3610 dignitatibus,
1338 3537 1371 3590 et
1392 3529 1426 3591 in
1448 3528 1643 3612 episcopati-

286 3644 358 3721 bus,
381 3645 437 3706 ubi
460 3654 620 3726 ponerent
639 3647 725 3709 viros
748 3646 889 3710 eximios
911 3648 1051 3711 scientes
1074 3658 1108 3712 et
1131 3650 1279 3724 devotos,
1305 3657 1337 3712 et
1360 3668 1447 3730 papa
1471 3649 1645 3715 Romanus

288 3765 441 3829 licenciat
464 3786 529 3844 eoS,
552 3775 589 3829 ut
611 3767 696 3845 novi,
718 3766 761 3829 ad
786 3766 977 3830 habendum
1000 3768 1132 3847 fructus,
1155 3781 1189 3833 et
1212 3771 1255 3833 ad
1277 3770 1505 3851 percipiendas
1527 3792 1645 3836 omnes

286 3885 444 3968 pecunias
468 3886 685 3969 episcopatus
709 3887 754 3952 sic
778 3896 850 3950 tum
873 3889 962 3970 quod
990 3889 1051 3971 ipsi
1075 3911 1141 3953 non
1168 3900 1436 3955 consecrarentur
1462 3892 1497 3954 in
1518 3893 1645 3976 episco-

287 4027 368 4088 pum
391 4006 477 4070 illius
500 4008 707 4090 episcopatus
733 4029 793 4090 per
814 4015 862 4085 4⁰r
884 4029 987 4073 annos
1009 4010 1061 4074 vel
1085 4010 1235 4094 amplius.
1291 4012 1388 4075 Heu!
1422 4012 1519 4076 Heu!
1552 4015 1644 4095 quod

285 4124 351 4189 hoc
380 4146 544 4190 venenum
575 4148 641 4192 non
671 4128 779 4192 solum
810 4129 941 4193 intravit
976 4129 1009 4193 in
1041 4131 1186 4194 Romam
1218 4133 1329 4214 nepoti
1362 4133 1484 4197 Kalisti
1516 4133 1554 4218 3¹,
1584 4136 1643 4200 sed

288 4245 393 4308 eciam
418 4248 450 4309 in
476 4249 600 4311 malum
625 4249 817 4332 exemplum
844 4251 985 4331 posteris
1010 4252 1143 4317 intravit
1170 4254 1202 4315 in
1225 4252 1386 4335 Angliam
1409 4257 1495 4318 circa
1520 4276 1644 4319 annum
