3818 4904
661 429 760 484 LOCI
786 427 815 481 E
844 428 968 483 LIBRO
1004 428 1263 483 VERITAYUM.
1579 434 1640 500 213

285 646 328 709 de
353 643 494 724 Exonia,
518 645 675 727 magister
698 644 859 727 Georgius
884 644 1000 720 Nevel,
1026 644 1112 708 filius
1137 644 1268 708 comitis
1293 643 1420 721 Sarum,
1447 644 1533 707 dixit
1558 664 1641 726 prae·

287 765 376 830 dicto
415 765 580 848 episcop0,
612 766 645 827 in
683 774 833 847 tempore
867 786 934 829 suae
970 765 1238 844 examinacionis,
1266 766 1465 847 passionato,
1498 786 1555 829 seu
1593 767 1642 828 ira

286 895 464 962 commoto,
494 886 662 950 ‘Domine
693 883 908 960 Cicistrensis,
933 886 1025 949 Deus
1052 907 1096 950 ex
1127 907 1187 949 suo
1210 885 1302 967 justo
1327 885 1452 969 judicio
1482 885 1552 949 vult
1583 905 1641 948 vos

287 1006 358 1070 haec
389 1007 564 1090 opprobria
592 1028 711 1089 magna
742 1007 820 1089 pati,
841 1007 918 1090 quia
948 1029 1007 1071 vos
1037 1007 1172 1089 indigne
1199 1007 1295 1071 valde
1325 1007 1583 1090 reprehendistis
1607 1015 1642 1070 et

288 1125 434 1206 negastis
461 1145 533 1187 esse
558 1146 635 1187 vera
661 1125 783 1206 scripta
809 1125 911 1187 verba
937 1145 995 1206 per
1022 1125 1156 1188 beatum
1181 1123 1397 1205 Jeronimum,
1422 1134 1456 1188 et
1480 1123 1641 1188 Sanctum

288 1245 525 1328 Augustinum,
546 1255 580 1309 et
600 1245 705 1308 sancti
727 1264 824 1326 papae
847 1243 996 1327 Gregorii
1019 1245 1172 1322 doctoris,
1196 1255 1230 1309 et
1252 1246 1357 1309 eciam
1380 1266 1480 1329 opera
1503 1245 1642 1309 aliorum

287 1364 497 1430 sanctorum!
535 1365 580 1429 Et
602 1366 775 1447 episcopus
792 1364 921 1428 Pecock
938 1366 1146 1430 Cicistrensis
1164 1365 1252 1430 dixit
1271 1366 1376 1430 electo
1396 1339 1429 1428 in
1451 1366 1642 1448 episcopum

289 1486 527 1561 Exoniensem,
546 1485 708 1548 ‘Poenitet
725 1506 778 1548 me
799 1486 845 1548 sic
865 1486 1042 1568 scripsisse,
1057 1485 1102 1548 fui
1126 1487 1212 1550 enim
1229 1507 1295 1549 non
1315 1487 1513 1551 sufficienter
1527 1486 1643 1550 videns

288 1608 321 1671 in
349 1603 515 1671 materiis’
561 1606 688 1670 Omnes
715 1607 803 1668 enim
830 1605 955 1670 domini
983 1606 1184 1689 temporales
1211 1608 1310 1690 regni,
1332 1609 1388 1690 qui
1411 1616 1489 1672 tunc
1511 1606 1644 1670 fuerunt

288 1728 473 1792 Londoniis
504 1748 579 1792 cum
612 1748 688 1810 rege
720 1727 866 1791 Henrico
888 1727 948 1806 VI,
980 1729 1142 1810 optabant
1173 1729 1280 1809 ipsum
1312 1728 1504 1811 episcopum
1532 1727 1643 1792 Pecok

288 1848 411 1931 expelli
437 1850 479 1912 de
509 1849 610 1912 domo
638 1847 766 1912 concilii
793 1849 879 1930 regis
906 1858 940 1913 et
967 1848 1186 1926 dominorum,
1216 1857 1249 1911 et
1275 1849 1320 1912 sic
1346 1847 1415 1924 suit,
1440 1857 1473 1912 et
1500 1847 1642 1912 multum

289 1970 397 2033 infesti
424 1979 517 2033 erant
548 1970 576 2032 ei
604 1978 740 2052 propter
769 1969 914 2032 diversas
942 1989 1080 2046 causas;
1113 1990 1178 2032 una
1205 1968 1275 2047 tuit,
1300 1971 1377 2052 quia
1404 1969 1533 2051 scripsit
1559 1968 1644 2033 tales

288 2089 469 2174 profundas
493 2091 647 2154 materias
669 2091 703 2153 in
721 2089 882 2173 Anglicis‚
900 2111 974 2172 quae
998 2091 1104 2171 magis
1126 2100 1214 2173 aptae
1238 2100 1330 2155 erant
1353 2091 1473 2154 laedere
1495 2091 1644 2174 legentes

289 2222 322 2276 et
352 2213 525 2277 audientes
557 2232 658 2295 quam
690 2211 753 2274 illis
789 2211 956 2295 proficere.
1005 2210 1100 2290 Item,
1125 2213 1203 2294 quia
1232 2212 1361 2293 scripsit
1388 2210 1443 2275 ille
1470 2214 1643 2294 episcopus

288 2333 418 2399 literam
435 2354 528 2397 suam
546 2332 666 2414 Majori
683 2333 943 2411 Londoniarum‚
960 2331 1142 2416 Canyngys
1158 2333 1301 2412 nomine,
1317 2353 1418 2416 quam
1438 2330 1568 2397 literam
1587 2334 1643 2398 ille

290 2453 399 2536 Major
409 2454 593 2517 Londoniae
604 2453 694 2519 misit
703 2453 863 2536 praedicto
876 2452 960 2534 regi3
977 2472 1043 2535 qua
1054 2453 1148 2517 litera
1159 2454 1304 2535 episcopi
1316 2453 1425 2517 Pecok
1434 2454 1521 2518 lecta
1532 2475 1643 2519 coram

289 2597 365 2659 rege
390 2575 534 2639 Henrico
557 2574 665 2639 Sexto
691 2585 725 2639 et
750 2575 815 2637 suis
838 2575 989 2652 dominis,
1012 2575 1154 2638 inventa¹
1177 2575 1306 2638 luerunt
1335 2577 1368 2640 in
1393 2598 1432 2640 ea
1456 2577 1642 2651 evidenciae‚

289 2720 346 2762 seu
370 2697 575 2779 conjecturae,
592 2718 649 2760 seu
674 2697 861 2778 probabiles
883 2698 1061 2771 suasiones,
1078 2699 1121 2761 ad
1147 2698 1368 2762 mutacionem
1387 2697 1463 2762 fidei
1486 2700 1519 2762 in
1541 2719 1644 2781 regno

289 2818 424 2901 Angliae
455 2828 488 2882 et
514 2819 618 2881 eciam
646 2818 689 2882 ad
716 2838 871 2901 magnam
900 2819 1014 2901 populi
1039 2820 1071 2883 in
1098 2839 1199 2902 regno
1229 2820 1524 2900 perturbacionem,
1549 2831 1583 2884 et
1610 2819 1644 2883 in

288 2941 481 3005 scandalum
513 2960 708 3022 magnorum
739 2941 948 3003 dominorum
979 2941 1011 3004 in
1039 2961 1141 3022 regno
1164 2961 1248 3021 quos
1281 2941 1368 3005 dixit
1397 2941 1430 3004 in
1461 2941 1556 3005 litera
1584 2962 1644 3006 sua

289 3063 351 3144 ipsi
373 3061 528 3144 episcopo
549 3069 582 3124 et
603 3060 694 3123 libris
715 3061 781 3123 suis
797 3059 993 3142 Anglicanis
1013 3058 1190 3123 adhaerere.
1228 3061 1323 3136 Item,
1339 3063 1504 3144 praecipue
1526 3083 1644 3144 provo·

289 3182 375 3247 cavit
405 3201 521 3246 omnes
554 3181 708 3244 dominos
739 3180 938 3262 temporales
970 3190 1049 3245 tunc
1080 3180 1171 3262 regni
1203 3181 1236 3243 in
1266 3183 1379 3245 odium
1406 3183 1508 3266 ipsius
1535 3183 1644 3248 Pecok

290 3304 445 3389 episcopi,
471 3303 560 3385 quod
593 3304 733 3367 mutavit
767 3301 944 3366 simbolum
976 3312 1123 3367 nostrum
1154 3323 1330 3366 commune
1357 3305 1446 3385 quod
1472 3305 1645 3369 ediderunt

288 3425 432 3508 apostoli
457 3424 593 3490 Domini
617 3425 719 3489 nostri
742 3424 821 3506 Jesu
847 3425 917 3490 Xti.
965 3425 1043 3507 Ipse
1068 3424 1155 3488 enim
1180 3424 1289 3488 Pecok
1317 3425 1488 3508 episcopus
1514 3426 1645 3507 scripsit

290 3557 324 3611 et
347 3547 433 3611 dixit
456 3546 546 3629 quod
567 3544 708 3628 apostoli
733 3567 798 3609 non
818 3545 964 3610 fecerunt
986 3545 1067 3609 illud
1090 3545 1270 3609 cimbolum
1292 3554 1440 3609 nostrum
1459 3566 1643 3622 commune,

290 3677 324 3733 et
346 3668 493 3732 diversos
513 3667 669 3733 articulos
689 3668 722 3730 in
743 3666 801 3732 illo
821 3667 964 3731 cimbolo
988 3667 1122 3749 negavit
1142 3667 1249 3731 verbis
1271 3666 1338 3729 suis
1359 3677 1393 3731 et
1410 3667 1540 3750 scriptis
1561 3669 1643 3746 suis,

290 3799 324 3855 et
351 3789 426 3853 ideo
450 3809 572 3853 novum
595 3786 775 3852 cimbolum
799 3807 958 3870 magnum
981 3795 1014 3850 et
1037 3787 1174 3869 longum
1197 3786 1230 3849 in
1250 3785 1402 3868 Anglicis
1423 3788 1532 3851 verbis
1554 3808 1645 3853 com-

289 3911 411 3995 posuit,
438 3910 528 3992 quod
555 3910 775 3991 dampnatum
800 3908 860 3972 luit
885 3908 1077 3987 Londoniis,
1102 3917 1139 3971 ut
1167 3928 1226 3989 pro
1254 3907 1344 3970 nullo
1371 3907 1514 3971 cimbolo
1543 3908 1645 3974 habe·

291 4039 380 4095 retur
402 4050 462 4094 nec
486 4029 720 4108 nominaretur,
734 4029 931 4093 auctoritate
953 4028 1189 4110 archiepiscopi
1214 4026 1460 4093 cantuariensis
1484 4040 1517 4094 et
1540 4031 1645 4095 eciam

291 4150 513 4216 Eboracensis
538 4158 571 4214 et
597 4149 736 4213 aliorum
760 4149 941 4212 multorum
970 4151 1209 4232 episcoporum,
1236 4170 1311 4230 quae
1335 4149 1532 4232 dampnacio
1559 4151 1646 4216 lecta

290 4271 352 4337 suit
379 4270 563 4336 Londoniis
589 4292 648 4354 per
674 4272 845 4336 doctorem
871 4269 1052 4353 Pynchbek
1076 4270 1119 4334 ad
1147 4290 1274 4334 crucem
1301 4268 1415 4335 Sancti
1441 4269 1533 4336 Pauli
1556 4293 1645 4337 anno
