3818 4904
281 366 341 450 158
647 367 757 427 'Locl
783 371 813 424 E
841 371 965 424 LIBRO
1002 369 1259 423 VERITATUM.

280 589 460 669 Columnis,
487 588 680 672 nepotulum
704 588 840 651 Martini
862 587 978 668 quinti,
999 586 1053 667 qui
1077 587 1144 648 duo
1171 583 1356 648 habuerunt
1378 582 1520 666 plurima
1542 582 1632 644 bona

278 723 407 776 terrena
427 732 447 774 a
464 709 612 774 Martino
634 709 751 791 quinto
773 718 851 789 post
874 716 1014 770 mortem
1034 706 1113 788 ejus,
1129 714 1244 768 contra
1264 703 1471 768 voluntatem
1488 703 1632 784 Eugenii

279 954 335 1035 qui
366 953 398 1014 in
426 951 516 1014 bulla
544 972 612 1027 sua,
636 970 736 1032 quam
766 950 834 1011 vidi
859 948 1013 1022 Oxoniae‚
1040 948 1153 1010 scribit
1183 966 1302 1010 nomen
1333 967 1429 1010 suurn
1462 945 1634 1022 calistum,

281 1095 347 1138 non
371 1072 570 1148 Kalixtum3
598 1079 631 1134 et
655 1070 688 1133 in
711 1079 862 1151 tempore
885 1089 981 1152 papae
1004 1067 1157 1132 Nicholai
1181 1068 1296 1148 quinti,
1320 1077 1354 1131 et
1376 1077 1526 1152 ternpore
1548 1067 1635 1148 regis

280 1193 416 1276 Angliae
440 1191 575 1255 Henrici
592 1190 700 1265 Sexti,
723 1190 785 1253 suit
808 1190 922 1253 civitas
946 1187 1252 1271 Constantinopolis
1274 1199 1381 1270 capta,
1404 1198 1438 1252 et
1461 1189 1493 1252 in
1518 1209 1635 1252 manus

281 1314 464 1377 Turcorum
495 1330 699 1394 paganorum
735 1310 868 1384 tradita,
902 1330 962 1391 per
995 1309 1144 1372 fraudem
1176 1318 1210 1373 et
1240 1310 1457 1391 cupiditatem
1488 1309 1636 1390 Jannen-

281 1435 376 1508 sium,
408 1442 443 1496 et
473 1432 588 1495 Xtiani
618 1452 639 1494 a
668 1430 802 1494 civitate
834 1429 889 1493 illa
919 1439 999 1493 ωηο
1035 1429 1167 1511 expulsi
1199 1429 1258 1493 vel.
1284 1431 1383 1494 occisi
1420 1431 1560 1507 suerunt,
1590 1432 1634 1496 ad

283 1574 457 1619 numerum
487 1551 726 1634 quinquaginta
757 1550 860 1614 millia
891 1549 1035 1614 virorum
1067 1560 1101 1614 et
1135 1550 1308 1614 mulierum
1341 1561 1375 1615 et
1400 1550 1568 1633 juvenum,
1598 1563 1639 1616 ut

282 1676 350 1740 vidi
378 1674 537 1757 scriptum
568 1672 601 1736 in
628 1671 722 1736 litera
747 1672 849 1736 missa
876 1693 897 1734 a
927 1672 1037 1734 Roma
1061 1671 1214 1751 Oxoniae,
1237 1682 1271 1736 et
1294 1693 1415 1737 nomen
1447 1672 1637 1756 principalis

283 1795 383 1860 Turci
410 1805 489 1858 tunc
513 1794 574 1857 suit
602 1793 813 1857 Macometus
840 1792 922 1875 Bey,
950 1793 970 1855 i.
986 1813 1014 1855 e.
1038 1792 1200 1871 dominus,
1227 1794 1283 1874 qui
1308 1793 1450 1876 plurima
1473 1794 1563 1858 mala
1588 1794 1636 1858 in·

283 1917 359 1990 tulit
384 1915 539 1991 Xtianis3
567 1923 600 1978 et
623 1923 702 1977 ωηο
730 1915 864 1979 recessit
890 1914 934 1977 ab
956 1914 1149 1978 obediencia
1172 1914 1259 1996 regis
1282 1914 1418 1997 Angliae
1442 1915 1638 1999 Andegavis

284 2041 317 2102 in
340 2037 549 2119 Andegavia,
571 2045 605 2099 et
630 2033 854 2099 Cenomannis
877 2035 910 2097 in
931 2033 1169 2113 cenomannia,
1192 2057 1276 2119 quas
1298 2057 1358 2101 rex
1381 2037 1524 2120 Angliae,
1542 2038 1638 2101 Hen-

285 2162 370 2223 ricus
384 2158 464 2240 vj‘“⁸,
480 2157 542 2219 sub
563 2155 672 2237 sigillo
693 2176 752 2219 suo
773 2176 905 2238 magno,
921 2157 1015 2219 dedit
1034 2156 1110 2219 duci
1133 2157 1324 2239 Lotringiae,
1340 2159 1425 2241 patri
1449 2169 1527 2224 ωηο
1548 2160 1639 2223 Mar·

284 2288 407 2363 garetae
428 2278 549 2359 reginae
563 2276 706 2359 Angliae,
722 2286 756 2340 et
775 2276 963 2340 haeredibus
983 2277 1133 2359 ejusdem
1156 2278 1258 2357 ducis,
1274 2288 1308 2342 et
1323 2280 1389 2344 cito
1410 2290 1487 2361 post
1505 2282 1640 2345 recessit

285 2411 358 2466 tota
379 2397 595 2474 Normannia,
618 2406 653 2460 et
678 2406 752 2460 tota
775 2398 915 2462 Francia
936 2398 980 2460 ab
1004 2398 1197 2462 obediencia
1222 2397 1371 2481 ejusdem
1396 2402 1481 2483 regis
1503 2401 1639 2484 Angliae

287 2520 424 2585 Henrici
439 2517 502 2600 vjfl,
519 2527 553 2581 et
574 2517 675 2581 etiam
690 2517 857 2582 Vasconia
877 2526 912 2581 et
931 2518 1140 2600 Burdegalia.
1184 2519 1232 2583 Et
1252 2520 1341 2583 idem
1363 2541 1422 2585 rex
1444 2522 1547 2601 dedit,
1561 2543 1582 2586 a
1604 2544 1641 2588 se

286 2654 320 2707 et
342 2641 385 2704 ab
407 2638 594 2702 haeredibus
617 2638 693 2714 suis,
710 2640 804 2719 quasi
827 2658 943 2701 omnes
957 2648 1061 2703 terras
1084 2649 1118 2703 et
1137 2649 1244 2704 castra
1262 2661 1393 2704 coronae
1408 2641 1544 2725 Angliae
1566 2664 1642 2726 per-

285 2760 430 2826 tinencia
455 2759 599 2822 dominis
626 2759 723 2823 certis
750 2759 783 2822 in
810 2758 944 2841 Anglia‚
970 2769 1005 2824 et
1033 2758 1164 2823 famulis
1190 2761 1310 2824 domus
1337 2763 1435 2844 regiae
1462 2774 1496 2828 et
1526 2785 1640 2829 eorum

286 2880 483 2958 haeredibus
505 2881 552 2942 ita
572 2879 662 2960 quod
687 2878 742 2943 ille
765 2900 826 2942 rex
842 2879 977 2960 Angliae
998 2880 1057 2943 vix
1079 2882 1188 2962 potuit
1211 2883 1402 2964 expendere
1424 2884 1468 2947 de
1489 2888 1583 2950 terris
1606 2894 1642 2951 et

287 3000 485 3068 tenementis
504 3000 548 3064 ad
566 2999 712 3063 valorem
728 3000 970 3082 quadringenta
991 3000 1168 3080 librarum3
1191 3013 1226 3067 et
1246 3012 1327 3067 tunc
1347 3005 1381 3067 in
1396 3004 1522 3088 Anglia
1543 3007 1641 3071 occisi

283 3123 419 3188 *fuerunt
445 3141 504 3204 per
529 3120 699 3202 Anglicos,
726 3121 796 3184 dux
822 3121 1061 3199 Suthsollchiae,
1081 3122 1268 3187 Willelmus
1297 3123 1399 3198 Pulle,
1427 3135 1461 3190 et
1484 3127 1642 3208 Jacobus,

287 3253 425 3308 vocatus
457 3243 610 3306 dominus
643 3245 686 3306 de
724 3241 802 3325 Sey,
833 3252 868 3307 et
904 3244 1058 3306 dominus
1087 3244 1274 3308 Willelmus
1308 3245 1436 3321 Haskv,
1468 3249 1643 3332 episcopus

289 3365 419 3442 Sarum,
436 3373 470 3426 et
494 3373 572 3427 ωηο
594 3363 762 3427 confessor
784 3364 870 3444 regis
894 3364 1029 3428 Henrici
1045 3363 1106 3447 vjll,
1123 3374 1156 3428 et
1178 3367 1305 3430 occisus
1327 3366 1389 3430 suit
1411 3388 1470 3449 per
1493 3370 1643 3452 proprios

289 3506 367 3549 suos
390 3485 594 3563 diocesanos,
614 3493 690 3567 post
713 3484 849 3550 missam
871 3506 966 3549 suam
990 3506 1091 3567 quam
1114 3486 1294 3551 celebravit
1316 3488 1348 3550 in
1375 3488 1429 3552 die
1452 3499 1643 3554 sanctorum

288 3605 515 3687 apostolorum
551 3606 639 3669 Petri
677 3616 714 3670 et
751 3605 853 3679 Pauli,
889 3615 924 3669 et
963 3607 1083 3671 devote
1124 3608 1251 3691 accepit
1288 3618 1430 3672 mortem
1468 3630 1572 3689 suam,
1606 3620 1644 3676 ut

288 3725 471 3801 dicebatur,
501 3734 536 3789 et
570 3726 657 3790 male
692 3729 897 3791 tractabatur
924 3748 945 3790 a
974 3729 1041 3790 suis
1074 3728 1258 3792 diocesanis
1294 3731 1442 3813 propriis,
1472 3732 1529 3814 qui
1566 3753 1643 3796 eum

288 3846 496 3922 occidebant,
513 3856 546 3910 et
564 3847 653 3910 bona
670 3868 729 3911 sua
751 3847 856 3911 multa
877 3849 1058 3930 rapiebant,
1073 3849 1230 3929 dicentes,
1258 3851 1354 3933 ‘Ipse
1378 3852 1499 3916 mansit
1514 3873 1645 3935 semper

290 3986 367 4030 cum
393 3987 478 4049 rege,
499 3976 534 4031 et
558 3967 621 4033 fuit
647 3968 717 4049 ejus
741 3968 916 4044 consessor,
941 3979 974 4034 et
996 3991 1062 4034 non
1086 3970 1208 4034 mansit
1234 3971 1267 4033 in
1290 3992 1350 4035 sua
1376 3973 1499 4037 diocesi
1523 3972 1644 4037 Sarum

292 4083 472 4167 nobiscum,
503 4108 563 4154 nec
592 4091 699 4155 tenuit
722 4089 994 4173 hospitalitatem,
1022 4091 1098 4156 ideo
1128 4092 1298 4156 occidetur
1308 4089 1326 4171 ;’
1352 4102 1385 4157 ct
1415 4095 1463 4158 sic
1491 4094 1644 4158 verbera·

292 4207 374 4272 bant
400 4230 475 4272 eum
504 4219 537 4274 et
563 4212 795 4293 percuciebant
825 4233 911 4288 cum,
937 4234 1013 4278 cum
1044 4213 1271 4279 instrumentis
1294 4212 1503 4278 horribilibus
1534 4215 1641 4297 ipsum
