3818 4904
672 423 771 478 Locl
796 424 826 476 E
854 423 980 478 trano
1015 425 1274 481 ranimirum.
1592 425 1652 494 155

300 637 417 700 doctor
437 636 520 719 juris
543 637 699 713 canonici,
727 647 899 719 promotus
929 640 962 701 in
987 647 1137 721 ternpore
1162 639 1347 704 vacacionis
1373 638 1533 713 beneficii,
1557 659 1653 703 occu·

300 759 392 839 pavit
412 767 447 822 et
465 757 599 822 retinuit
621 757 947 834 archidiaconatum
982 769 1016 823 et
1032 769 1110 824 tunc
1133 759 1189 824 ille
1208 761 1355 843 Prosper,
1373 761 1526 824 restituto
1549 759 1655 824 cardi·

300 877 435 957 nalatui,
463 878 679 961 implacitavit
705 888 820 942 contra
846 879 1043 961 praedictum
1067 879 1235 945 Thomam
1261 881 1294 944 in
1322 881 1411 945 curia
1434 882 1596 955 Romana,
1620 888 1655 943 et

300 998 443 1063 finaliter
478 1000 525 1063 sic
567 1000 756 1064 concordati
794 998 934 1078 fuerunt,
971 1001 1061 1082 quod
1100 1001 1189 1064 idem
1227 1001 1401 1065 cardinalis
1438 1000 1590 1064 habuerit
1621 1005 1655 1063 2⁰

301 1120 461 1183 beneficia
490 1120 523 1182 in
548 1119 674 1202 Anglia
701 1120 735 1182 in
761 1121 1003 1197 commendam,
1028 1122 1070 1184 ad
1097 1121 1244 1184 valorem
1271 1131 1405 1186 centum
1433 1122 1598 1199 librarum,
1622 1130 1655 1185 et

301 1261 432 1324 semper
470 1241 626 1304 clamavit
663 1249 779 1304 contra
808 1240 972 1323 Anglicos
1010 1242 1042 1303 in
1076 1242 1166 1305 curia
1204 1242 1367 1317 Romana,
1403 1242 1525 1318 dicens,
1565 1241 1656 1306 ‘Vos

300 1360 446 1443 Anglici,
463 1361 645 1427 restituatis
661 1360 760 1425 michi
775 1358 994 1427 beneficium!
1029 1362 1121 1444 Papa
1137 1362 1302 1427 Martinus
1320 1363 1455 1445 quintus
1475 1363 1552 1427 fecit
1573 1382 1657 1445 prae-

301 1483 428 1546 dictum
459 1482 791 1565 Prosperum.filium
822 1483 940 1545 sororis
970 1503 1038 1545 suae
1068 1482 1269 1547 cardinalem
1300 1483 1491 1547 Romanum
1521 1483 1657 1565 quando

301 1602 363 1665 luit
389 1603 498 1666 aetatis
527 1601 564 1663 18
591 1623 763 1679 annorum,
791 1613 824 1666 et
850 1623 954 1685 quum
978 1602 1115 1668 nescivit
1137 1602 1227 1685 loqui
1250 1624 1395 1687 congrue
1420 1603 1599 1681 Latinum3
1622 1613 1657 1667 et

302 1723 368 1786 cito
391 1734 570 1806 postquam
592 1722 654 1786 suit
676 1723 804 1806 positus
827 1723 860 1785 in
881 1723 1098 1798 cardinalatu,
1113 1744 1202 1806 papa
1217 1723 1382 1787 Martinus
1404 1723 1466 1788 fuit
1483 1743 1658 1806 percussus

302 1843 335 1905 in
362 1843 482 1926 lingua,
505 1864 581 1926 quae
608 1843 641 1906 in
668 1863 791 1924 magna
816 1843 1004 1925 quantitate
1035 1844 1192 1907 intumuit
1218 1845 1368 1925 pendens
1393 1854 1488 1908 extra
1514 1864 1552 1906 os
1575 1843 1658 1925 ejus,

302 1972 336 2027 et
357 1963 441 2027 inira
461 1963 606 2046 quinque
628 1964 699 2026 dies
719 1963 809 2027 idem
829 1984 918 2046 papa
938 1963 1103 2026 Martinus
1123 1972 1274 2027 mortuus
1295 1973 1366 2043 est;
1392 1973 1426 2028 et
1446 1964 1581 2046 quando
1595 1962 1659 2027 suit

302 2083 427 2149 electus
454 2085 487 2147 in
510 2105 633 2167 papam
659 2084 743 2149 alius
767 2085 874 2148 bonus
904 2084 1022 2148 doctor
1051 2085 1094 2149 de
1120 2083 1261 2148 Francia
1292 2085 1416 2150 electus
1445 2084 1569 2162 fuisset,
1596 2085 1658 2148 nisi

301 2206 390 2270 fraus
424 2215 459 2270 et
492 2205 585 2270 labor
615 2206 759 2288 episcopi
790 2216 869 2270 tunc
895 2205 1143 2284 Wintoniensis,
1171 2206 1304 2270 Henrici
1335 2206 1489 2281 Beuford,
1518 2205 1660 2288 impedi·

301 2329 413 2392 visset.

390 2458 429 2524 [p.
448 2457 515 2524 169]
560 2449 600 2512 In
622 2457 775 2532 ternpore
796 2469 893 2531 papae
917 2447 1047 2513 Urbani
1071 2447 1168 2525 sexti,
1191 2447 1387 2511 successoris
1411 2445 1560 2529 Gregorii
1580 2443 1658 2528 xij

303 2569 426 2652 incepit
445 2570 565 2633 scisma
586 2570 618 2634 in
640 2569 780 2634 ecclesia
796 2569 960 2634 Romana.
998 2569 1038 2631 In
1059 2577 1210 2649 ternpore
1230 2568 1318 2631 enirn
1339 2588 1436 2649 papae
1452 2567 1581 2632 Urbani
1596 2562 1658 2647 vjfl,

303 2690 487 2754 cardinales
513 2692 667 2767 Romani,
691 2711 757 2754 non
780 2691 931 2754 volentes
957 2688 1126 2753 reformari
1151 2709 1209 2771 per
1229 2709 1352 2772 papam
1380 2689 1571 2752 Romanum
1592 2687 1659 2752 Ur·

302 2812 428 2875 banum
457 2811 550 2894 vjlum,
585 2821 788 2877 recesserunt
825 2833 846 2875 a
877 2832 966 2894 papa
996 2811 1136 2876 Urbano
1157 2810 1216 2892 vj⁰.
1269 2808 1373 2873 Anno
1403 2809 1491 2873 enim
1522 2807 1660 2871 Domini

303 2932 406 2996 nostri
428 2932 509 3014 Jesu
531 2933 591 2997 Xti
612 2931 703 3016 1378,
720 2932 857 2997 domino
878 2952 966 3015 papa
989 2931 1149 3014 Gregorio
1169 2930 1204 3014 xj
1230 2939 1362 2994 mortuo
1384 2929 1417 2993 in
1440 2929 1522 2993 urbe
1541 2930 1660 3007 Roma,

303 3052 390 3117 circa
407 3054 556 3117 medium
573 3053 856 3136 Quadragesimae,
872 3051 1103 3134 Romanisque
1117 3051 1307 3134 petentibus
1327 3060 1365 3114 ut
1380 3050 1563 3114 cardinales
1583 3070 1661 3114 con·

303 3174 432 3256 gregati
459 3194 520 3256 pro
547 3174 711 3238 eleccione
739 3174 816 3238 novi
840 3173 985 3238 Romani
1009 3173 1175 3255 pontificis
1203 3173 1395 3236 Romanum
1421 3170 1581 3255 eligerent
1606 3169 1660 3234 vel

305 3295 470 3373 Italicum,
496 3295 678 3359 cardinales
701 3295 865 3378 eligerunt
890 3294 1064 3358 dominum
1091 3292 1364 3358 Bartholomeum
1390 3302 1469 3356 tunc
1499 3292 1660 3374 archiepi-

303 3435 444 3497 scopum
474 3416 655 3481 Barensem
686 3417 719 3479 in
749 3416 980 3501 apostolicum.
1036 3414 1220 3498 Eligerunt,
1250 3424 1285 3479 et
1318 3414 1494 3479 Urbanum
1524 3423 1659 3477 sextum

304 3537 568 3612 nominaverunt,
593 3545 628 3601 et
650 3538 684 3600 in
709 3537 763 3601 die
790 3537 926 3601 Paschae
951 3545 1210 3613 coronavemnt3
1244 3534 1304 3600 sed
1329 3533 1511 3598 cardinales
1532 3552 1661 3597 succes·

305 3659 373 3722 sive
397 3659 441 3723 de
465 3659 576 3721 Roma
599 3666 772 3734 exeuntes,
798 3658 907 3740 ipsum
931 3657 1107 3722 Urbanum
1131 3665 1266 3721 sextum
1289 3675 1361 3719 esse
1386 3674 1554 3718 summum
1576 3673 1662 3735 prae·

304 3780 411 3843 sulem
432 3788 644 3861 negaverunt,
664 3787 698 3842 et
713 3800 753 3842 eo
772 3780 883 3857 citato,
899 3786 936 3841 ut
954 3779 1008 3861 jus
1027 3797 1133 3854 suum,
1149 3777 1176 3840 si
1191 3777 1282 3858 quod
1297 3774 1443 3854 haberet,
1459 3773 1660 3848 defenderet,

304 3900 604 3983 pronunciaverunt
634 3899 742 3982 ipsum
769 3920 836 3963 non
863 3919 936 3962 esse
962 3898 1044 3979 Jesu
1069 3897 1130 3961 Xti
1156 3899 1189 3960 in
1214 3897 1312 3961 terris
1335 3896 1521 3972 vicarium3
1548 3902 1657 3958 ettum

304 4021 476 4104 elegerunt
504 4020 536 4082 in
567 4040 691 4104 papam
722 4021 909 4084 Robertum
940 4018 1180 4098 Gebenensem,
1205 4028 1285 4082 tunc
1316 4017 1421 4082 eciam
1450 4015 1662 4094 cardinalem,

306 4144 339 4206 in
370 4142 601 4224 apostolicum,
631 4162 732 4224 quem
764 4140 973 4206 Clementem
1003 4141 1071 4222 vij¹¹¹
1101 4139 1361 4223 appellaverunt,
1391 4147 1425 4202 et
1451 4156 1526 4202 curn
1557 4157 1597 4200 eo
1627 4137 1661 4200 in

306 4264 507 4328 Avinionem
536 4271 752 4327 secesserunt.
801 4263 904 4327 Bonae
935 4262 1034 4343 igitur
1064 4261 1231 4328 memoriae
1264 4258 1417 4338 Karolus,
1443 4259 1477 4322 in
1508 4258 1662 4323 Romano

953 4379 977 4427 X
1002 4381 1020 4428 2
