3818 4904
662 427 759 481 LOCI
788 427 818 479 E
846 427 972 481 LIBRO
1008 427 1268 485 VERITATUM.
1588 430 1649 501 195

201 663 211 681 ‘
288 645 436 726 priantur
465 644 572 707 officio
603 664 661 706 seu
691 642 847 724 dignitati
878 640 1062 706 cancellarii
1087 642 1313 721 Eboracensis,
1340 665 1424 725 quos
1454 644 1587 721 fructus,
1617 643 1648 706 si

288 764 502 829 cancellarius
532 763 677 845 recipiat,
700 763 812 826 vicarii
843 772 877 826 et
903 763 1007 826 curati
1035 762 1163 825 illarum
1191 765 1331 826 duarum
1359 764 1569 828 ecclesiarum
1599 764 1648 828 sic

287 905 495 949 annexarum
510 883 705 948 cancellario
726 884 886 965 praedicto
902 882 1002 945 nichil
1022 881 1193 947 habebunt
1208 883 1261 947 vel
1284 905 1401 966 parum
1421 886 1510 948 unde
1525 885 1647 963 vivant,

289 1017 325 1070 et
353 1008 408 1083 sic,
434 1026 487 1068 me
520 1016 686 1080 renuente,
715 1005 831 1067 doctor
853 1002 1040 1066 Willelmus
1071 1004 1228 1066 Mourton
1260 1005 1321 1068 suit
1350 1006 1394 1067 ibi
1424 1005 1645 1070 cancellarius

290 1127 321 1193 Ο
344 1126 489 1189 Domine
508 1125 619 1189 Deus!
648 1124 783 1187 infinitae
807 1125 1037 1186 misericordiae
1061 1135 1094 1188 et
1115 1124 1264 1205 justiciae,
1281 1126 1427 1206 justifica
1448 1126 1646 1209 accipientes

289 1269 384 1312 curas
406 1248 589 1310 animarum
612 1256 645 1309 et
669 1246 757 1327 ipsas
779 1245 883 1308 eciam
908 1254 1080 1308 renuentes
1104 1266 1147 1307 ex
1169 1247 1275 1309 causis
1298 1247 1358 1310 tibi
1382 1246 1478 1312 notis.
1522 1247 1646 1310 Amen.

290 1369 451 1432 Domini
494 1366 677 1431 mundani
715 1365 780 1447 qui
822 1366 1073 1446 promovetis,
1110 1386 1179 1429 seu
1216 1368 1350 1430 verius
1391 1369 1438 1431 ad
1476 1377 1646 1431 vestram
1732 1440 1753 1463 f

290 1490 613 1571 dampnacionem
637 1495 676 1549 et
697 1485 909 1548 animarum
932 1484 1095 1567 plurium
1118 1487 1400 1552 detrimentum
1424 1488 1647 1568 intenditis,
1721 1471 1724 1474 ⁵

291 1611 420 1674 malos
442 1619 481 1672 et
504 1609 653 1671 inscios
676 1607 715 1668 in
737 1606 879 1669 officiis
903 1616 941 1668 et
964 1607 1003 1667 in
1026 1605 1223 1684 ecclesiia,
1245 1607 1328 1669 haec
1351 1616 1513 1674 notatel

376 1740 410 1806 [p.
428 1738 498 1805 538]
535 1737 699 1792 Potestas.
746 1726 859 1789 Plures
880 1728 1030 1790 nesciunt
1051 1747 1126 1808 quae
1153 1730 1348 1806 concedunt,
1371 1749 1432 1793 nec
1456 1750 1532 1813 quae
1555 1730 1643 1794 mala

290 1859 536 1932 consequuntur
565 1869 676 1913 coram
703 1848 777 1910 Deo
804 1868 848 1910 ex
879 1847 952 1928 lege
982 1846 1039 1910 illa
1064 1846 1117 1910 vel
1148 1869 1192 1910 ex
1222 1851 1432 1914 concessione
1462 1851 1531 1929 tali,
1560 1852 1646 1916 sicut

291 1982 407 2035 notum
431 1982 481 2034 est
501 1991 607 2052 nuper
628 1970 663 2032 in
685 1979 837 2049 tempore
858 1967 1000 2048 Eugenii
1023 1988 1119 2050 papae
1142 1968 1198 2050 iiij,
1216 1970 1306 2050 quod
1330 1992 1413 2034 unus
1432 1971 1571 2053 juvenis,
1593 1994 1644 2035 xx

290 2113 460 2166 annorum,
484 2090 601 2154 habuit
624 2088 672 2170 xij
698 2088 895 2171 praebendas
921 2098 954 2151 et
978 2088 1148 2151 licenciam
1171 2089 1320 2170 ejusdem
1347 2112 1444 2173 papae
1470 2103 1508 2156 ut
1531 2103 1646 2176 posset

290 2214 434 2296 recipere
461 2221 495 2276 et
518 2212 657 2274 retinere
681 2210 763 2272 dum
790 2209 915 2272 viveret
939 2228 1145 2291 quaecunque
1171 2209 1238 2273 duo
1265 2211 1424 2276 beneficia
1450 2214 1647 2298 incompati-

290 2335 378 2411 bilia,
405 2334 569 2409 rectorias,
597 2352 655 2395 seu
684 2330 831 2404 vicarias,
862 2348 920 2391 seu
950 2328 1243 2406 archidiaconatus,
1275 2352 1334 2394 seu
1365 2333 1555 2410 decanatus,
1587 2356 1646 2398 seu

290 2473 504 2537 quascunque
524 2454 608 2515 duas
628 2450 709 2514 alias
729 2450 909 2532 dignitates
928 2449 1221 2531 incompossibiles,
1236 2451 1318 2515 citra
1338 2453 1587 2535 episcopatum;
1611 2466 1646 2520 et

290 2584 423 2639 tantum
447 2574 502 2637 ille
522 2574 611 2637 idem
630 2571 762 2653 juvenis
787 2570 850 2633 fuit
871 2591 892 2634 a
913 2579 1065 2653 tempore
1084 2570 1268 2652 juventutis
1290 2571 1401 2637 fatuus
1430 2574 1524 2656 quasi
1551 2586 1647 2641 natu·

290 2694 411 2774 raliter,
433 2715 495 2759 nec
525 2694 618 2758 novit
647 2713 792 2774 congrue
823 2692 912 2774 loqui
940 2691 1099 2755 Latinum
1130 2712 1190 2756 nec
1222 2692 1368 2774 linguam
1394 2705 1589 2774 maternam,
1610 2707 1648 2762 et

290 2816 394 2881 laicus
410 2816 501 2879 dives
522 2823 558 2878 et
576 2823 699 2895 nuptus
721 2811 846 2895 recepit
866 2813 979 2875 omnia
999 2813 1062 2875 sibi
1085 2815 1288 2895 pertinencia
1309 2836 1354 2878 ex
1378 2815 1547 2880 beneficiis
1569 2818 1646 2895 suis,

291 2939 348 3022 qui
370 2938 463 3002 dedit
486 2937 516 3000 ei
539 2944 575 2999 et
595 2934 700 2999 tribus
726 2932 859 2997 famulis
885 2933 1033 3014 ejusdem
1052 2933 1184 3014 juvenis
1206 2945 1243 2998 ut
1267 2936 1426 3017 placitum
1452 2937 1515 3001 fuit
1537 2939 1646 3003 eidem

280 3036 361 3124 „vim
387 3056 525 3123 seculari
547 3055 727 3129 annuatim,
756 3055 812 3136 qui
836 3054 939 3117 laicus
968 3054 1092 3135 recepit
1118 3063 1154 3117 et
1179 3056 1315 3120 retinuit
1344 3057 1493 3122 redditus
1515 3059 1646 3123 illarum

291 3181 546 3264 praebendarum
572 3186 607 3241 et
633 3176 745 3259 magni
775 3174 1082 3256 archidyaconatus,
1105 3184 1139 3238 et
1162 3176 1251 3239 idem
1274 3174 1404 3257 juvenis
1431 3199 1497 3242 non
1526 3181 1647 3245 mansit

291 3303 326 3365 in
352 3301 463 3383 aliqua
488 3298 668 3383 praebenda
694 3317 762 3371 sua,
786 3316 847 3360 nec
871 3296 1016 3378 aliquam
1039 3294 1169 3358 illarum
1193 3298 1335 3379 reparari
1358 3298 1436 3363 fecit
1457 3321 1518 3364 nec
1540 3300 1646 3364 archi·

291 3425 516 3506 dyaconatum
542 3438 640 3481 suum
666 3417 812 3480 visitavit
841 3437 900 3498 per
928 3416 1039 3498 plures
1068 3436 1185 3481 annos.
1237 3418 1336 3482 Heu!
1371 3419 1454 3484 heut
1500 3421 1648 3486 Domine

293 3545 406 3607 Deusl
439 3542 518 3624 quia
543 3560 623 3604 cura
646 3539 831 3601 animarum
853 3536 925 3619 jam
952 3538 1037 3620 perit
1066 3557 1128 3620 per
1156 3537 1279 3601 malam
1306 3541 1563 3621 promocionem,
1588 3562 1649 3625 per

292 3685 360 3729 non
390 3661 616 3737 residenciam,
647 3670 681 3724 et
703 3658 914 3723 ecclesiarum
938 3657 1245 3741 appropriacionem
1271 3680 1329 3722 seu
1355 3661 1586 3740 annexionem,
1613 3672 1648 3727 et

291 3786 387 3869 quasi
413 3805 530 3848 omnes
557 3782 703 3847 ecclesiae
733 3779 938 3862 parochiales
967 3780 1190 3862 appropriata
1221 3791 1298 3845 sunt
1325 3780 1396 3862 jam
1423 3782 1583 3864 religiosis
1613 3794 1648 3850 et

292 3907 406 3991 paucis
433 3904 589 3986 collegiis,
614 3913 647 3967 et
675 3923 740 3967 non
767 3913 845 3965 sunt
872 3901 1020 3965 ecclesiae
1043 3901 1113 3983 jam
1140 3902 1331 3966 sufficientis
1357 3904 1463 3968 victus
1493 3914 1528 3969 et
1550 3905 1647 3971 dota·

292 4028 395 4093 cionis
431 4029 463 4089 in
496 4025 616 4107 quibus
648 4023 779 4087 honesti
809 4023 996 4087 sacerdotes
1033 4032 1066 4086 et
1101 4023 1253 4087 doctores
1289 4045 1402 4088 curam
1432 4034 1556 4106 gerent,
1587 4048 1649 4094 nec

292 4149 458 4214 sufficiunt
479 4147 549 4228 jam
573 4154 716 4210 rectores
739 4164 798 4208 nec
825 4143 936 4207 vicarii
962 4143 1121 4208 exhibere
1140 4144 1278 4226 juvenes
1300 4147 1343 4210 ad
1366 4146 1522 4226 studium,
1545 4148 1648 4214 etsie

292 4272 379 4355 perit
405 4268 546 4334 sciencia
572 4278 725 4332 etvetus
752 4266 866 4332 clerus.
924 4265 999 4347 Ego
1019 4266 1117 4344 enim,
1140 4268 1197 4348 qui
1223 4267 1295 4333 haec
1322 4267 1444 4350 scripsi,
1464 4268 1510 4333 fui
1533 4270 1650 4335 doctor

924 4384 945 4431 c
961 4389 979 4432 c
996 4386 1013 4433 2
