3818 4904
624 428 723 483 LOCI
748 430 778 482 E
806 430 930 485 LIBRO
965 432 1223 486 VERITATUM.
1544 419 1603 502 169

254 619 349 723 papa
374 642 441 706 lalli
471 642 626 726 possum’
683 648 769 712 Haec
803 648 848 711 ibi
882 649 1065 716 Nicholaus
1097 672 1185 733 papa
1216 651 1397 712 Romanus.
1454 646 1603 730 Quilibet

254 763 341 825 enim
365 765 567 846 dispensans,
592 777 625 831 et
656 769 794 850 quilibet
821 771 992 836 ecclesiam
1016 772 1186 837 conferens
1216 772 1273 835 tali
1304 771 1404 834 modo
1434 770 1603 851 dispensa·

254 892 304 947 ret
328 895 362 949 et
386 887 589 966 concederet,
614 891 703 970 quod
730 891 834 973 major
859 892 930 955 laus
958 893 1032 956 Deo
1055 903 1089 957 et
1117 893 1221 975 major
1247 891 1335 956 salus
1361 891 1502 974 plurium
1532 888 1603 953 ani-

253 1023 381 1068 marum
412 1026 456 1070 ex
489 1019 564 1072 actu
594 1031 654 1073 suo
684 1023 905 1093 sequerentur.
949 1014 1030 1076 Vae!
1061 1011 1130 1076 vae!
1170 1015 1308 1077 miseriae
1339 1013 1404 1076 mei
1433 1010 1601 1093 temporis,

253 1133 335 1203 quot
366 1128 487 1190 animae
513 1128 584 1210 jam
614 1142 761 1213 pereunt,
791 1154 865 1215 quae
890 1134 921 1196 in
945 1135 1037 1198 coelis
1065 1155 1194 1217 semper
1217 1135 1328 1198 Deum
1353 1133 1552 1207 laudassent,
1573 1130 1601 1192 si

252 1245 377 1308 bonum
408 1247 581 1330 praelatum
608 1260 641 1314 et
674 1262 833 1316 rectorem
867 1254 1079 1331 habuissent;
1109 1256 1154 1318 sic
1187 1257 1275 1318 enim
1309 1255 1474 1317 Dominus
1503 1251 1600 1325 dixit,

251 1364 435 1430 Ezechielis
458 1368 515 1449 iij0,
541 1371 584 1432 de
608 1371 696 1434 malo
717 1373 863 1455 praelato,
891 1374 995 1457 ‘ipse‚’
1020 1395 1065 1438 sc.
1080 1375 1241 1454 subditus,
1267 1375 1441 1438 ‘morietur
1466 1373 1499 1434 in
1523 1390 1601 1454 pec·

250 1493 325 1548 cato
351 1505 421 1560 suo,
444 1488 522 1568 quia
545 1508 611 1551 non
634 1493 838 1555 annunciasti
862 1490 912 1556 ei.’
959 1491 1014 1557 Sic
1039 1493 1202 1557 Dominus
1224 1495 1312 1557 dicet
1342 1493 1430 1557 malo
1459 1502 1599 1575 patrono

251 1613 284 1666 et
305 1605 461 1689 episcopo
481 1609 537 1689 qui
560 1610 646 1673 male
667 1612 814 1676 admittit
837 1613 980 1695 aliquem
1005 1614 1037 1677 in
1059 1615 1229 1679 ecclesiam
1253 1636 1310 1678 seu
1331 1614 1494 1677 officium:
1517 1611 1601 1675 ‘Ille

249 1726 392 1806 populus
418 1729 574 1791 morietur
596 1730 628 1792 in
655 1742 791 1814 peccato
810 1753 881 1811 suo,
897 1734 974 1816 quia
997 1755 1062 1797 non
1086 1735 1206 1798 dedisti
1229 1736 1259 1799 ei
1282 1736 1405 1798 bonum
1429 1742 1463 1796 et
1486 1731 1600 1795 melio·

250 1865 320 1908 rem
342 1858 511 1924 rectorem,
528 1852 636 1932 potuit
655 1854 742 1916 enim
758 1856 867 1918 vivere
886 1866 919 1918 et
940 1855 1067 1931 salvari,
1084 1857 1111 1919 si
1132 1867 1168 1919 tu
1187 1857 1335 1920 debitum
1353 1864 1448 1918 tuum
1467 1853 1601 1917 fecisses

249 1967 283 2029 in
307 1969 419 2032 dando
450 1971 480 2033 ei
509 1972 611 2037 talem
642 1985 811 2051 rectorem,
837 1997 935 2058 quern
964 1979 1083 2041 novisti
1105 1978 1158 2041 vel
1185 1977 1351 2042 credidisti
1376 1995 1482 2058 posse,
1507 1974 1598 2045 scire,

248 2100 283 2153 et
304 2090 389 2153 velle
412 2091 569 2173 perficere
594 2117 668 2177 quae
696 2096 789 2160 Deus
811 2098 917 2179 jussit,
941 2108 974 2162 et
996 2101 1024 2161 si
1050 2109 1096 2177 tu,
1119 2108 1258 2182 patrone
1287 2098 1340 2162 vel
1367 2098 1529 2179 episcope,
1551 2095 1598 2158 sic

248 2208 381 2274 fecisses
405 2208 459 2275 hic
480 2213 513 2276 in
532 2213 711 2279 collacione
732 2217 786 2281 vel
807 2219 1015 2296 admissione,
1031 2220 1130 2284 stater
1153 2241 1244 2284 meus
1261 2220 1412 2295 Xtianus,
1427 2227 1503 2280 tuus
1521 2217 1598 2280 sub·

247 2332 346 2405 ditus,
363 2333 409 2395 sic
433 2343 581 2396 mortuus
605 2356 670 2398 non
694 2336 808 2401 luisset
832 2359 891 2402 nec
914 2340 961 2404 ita
983 2341 1183 2423 dampnatus
1195 2338 1212 2419 ;’
1236 2342 1304 2418 sed,
1326 2335 1408 2403 heu!
1430 2338 1507 2420 quia
1527 2336 1598 2418 jam

247 2451 459 2517 conseruntur
492 2455 638 2519 ecclesiae
668 2468 702 2522 et
731 2459 837 2522 officia
867 2470 903 2524 ut
932 2460 1082 2526 homines
1115 2464 1260 2527 ditentur
1293 2471 1327 2525 et
1357 2462 1390 2524 in
1423 2458 1597 2522 mundanis

241 2573 448 2637 honorentur
482 2576 595 2657 pocius
630 2598 731 2659 quam
762 2590 799 2644 ut
834 2581 975 2647 intencio
1008 2593 1042 2648 et
1072 2585 1238 2648 ordinacio
1271 2583 1336 2645 Dei
1367 2581 1597 2664 perficiantur,

245 2715 346 2777 opera
372 2695 460 2758 enim
487 2696 519 2757 in
546 2717 611 2759 uno
635 2697 769 2762 homine
795 2703 973 2767 ostendunt
996 2705 1104 2787 ipsum
1131 2725 1204 2768 esse
1229 2702 1422 2767 habiliorem
1446 2700 1489 2763 ad
1512 2721 1596 2782 opus

246 2815 310 2880 Dei
341 2816 488 2880 fiendum
519 2839 619 2898 quam
649 2820 754 2900 alius;
785 2823 859 2886 ideo
890 2827 977 2888 enim
1009 2827 1173 2890 Dominus
1201 2826 1289 2890 dixit
1319 2823 1439 2887 Moisi:
1479 2821 1597 2903 ‘Elige

245 2958 329 3019 quos
352 2946 387 3001 tu
412 2939 507 3016 nosti,
525 2940 581 3021 qui
605 2942 723 3006 timent
743 2944 863 3022 Deum,
880 2957 914 3011 et
936 2950 992 3029 qui
1014 2948 1098 3012 tales
1121 2959 1154 3013 et
1177 2948 1260 3012 tales
1282 2955 1369 3024 sunt,
1384 2964 1484 3026 opera
1507 2943 1595 3006 enim

245 3079 320 3141 quae
342 3060 487 3124 fecerunt
511 3063 736 3128 testimonium
759 3067 802 3129 de
824 3069 871 3130 eis
893 3068 1066 3151 perhibent
1087 3081 1122 3135 et
1144 3067 1342 3133 ostendunt!

332 3190 367 3258 [n-
386 3191 452 3255 Ι88]
496 3191 599 3259 Papa·
635 3185 684 3250 Ut
707 3197 799 3270 patet
822 3190 854 3252 in
877 3190 961 3254 libro
978 3192 1232 3256 attestacionum
1256 3211 1313 3254 seu
1336 3187 1593 3271 deposicionum,

245 3323 327 3384 quas
352 3302 538 3386 Imperator
560 3306 704 3372 Karolus
735 3309 882 3392 Quartus
912 3322 946 3376 et
976 3333 1070 3395 reges
1103 3323 1136 3376 et
1165 3311 1347 3377 cardinales
1377 3319 1411 3374 et
1440 3310 1594 3373 doctores

243 3446 345 3489 sacrae
368 3428 507 3509 paginae,
530 3450 586 3492 seu
610 3429 811 3516 Theologiae,
834 3443 867 3498 et
894 3435 960 3498 duo
983 3434 1185 3499 consessores
1206 3434 1314 3498 beatae
1341 3432 1499 3514 Birgittae,
1523 3448 1594 3491 ma-

243 3546 346 3628 gister
376 3545 491 3610 Petrus
523 3547 624 3614 Olani
654 3561 688 3615 et
717 3554 871 3618 dominus
902 3555 1010 3631 Olani,
1042 3566 1076 3620 et
1104 3555 1159 3619 alii
1191 3553 1286 3617 multi
1316 3551 1529 3635 deponebant
1558 3556 1594 3611 et

240 3667 395 3749 jurabant
419 3668 539 3733 Romae
569 3691 678 3735 coram
703 3694 792 3758 papa
815 3674 975 3759 Gregorio
1000 3676 1052 3759 xj⁰
1077 3687 1111 3741 et
1140 3696 1228 3760 papa
1256 3674 1393 3740 Urbano
1422 3679 1520 3735 sexto
1550 3670 1594 3734 de

242 3800 357 3853 sancta
378 3789 455 3867 vita,
482 3800 516 3854 et
539 3792 711 3872 miraculis
736 3797 864 3879 magnis
887 3808 920 3861 et
944 3798 1100 3880 pluribus,
1118 3799 1226 3861 beatae
1250 3795 1408 3876 Birgittae,
1431 3802 1593 3855 matronae

241 3919 277 3974 et
302 3909 411 3972 viduae
441 3912 617 3993 praedictae,
640 3924 674 3979 et
704 3915 795 3979 illum
826 3917 945 3982 librum
976 3919 1230 3984 attestacionum
1257 3916 1488 3999 praedictarum
1518 3932 1591 3994 ego,

242 4029 392 4093 Thomas
423 4030 617 4114 Gascoigne,
648 4036 866 4103 Eboracensis
895 4040 1034 4104 diocesis
1065 4041 1097 4103 in
1120 4038 1245 4121 Anglia
1271 4047 1377 4109 natus,
1403 4034 1464 4098 seci
1493 4034 1591 4097 scribi

242 4151 388 4218 Oxoniae
411 4152 443 4216 in
457 4154 602 4219 vitulinis
618 4157 770 4236 Oxoniae,
787 4164 968 4226 secundum
987 4162 1116 4246 copiam
1137 4160 1222 4223 illius
1241 4158 1312 4221 libri
1334 4155 1592 4222 attestacionum

241 4294 303 4358 pro
318 4274 569 4340 canonizatione
582 4277 692 4345 beatae
703 4280 862 4365 Birgittae,
876 4303 976 4365 quern
991 4283 1145 4349 dominus
1155 4280 1283 4364 Symon
1295 4278 1445 4362 Wyuter‚
1452 4276 1592 4342 devotus

909 4402 928 4451 Z
