3818 4904
279 421 320 487 70
658 416 755 471 LOCI
780 416 810 468 E
838 415 960 468 LIBRO
996 413 1254 469 VERITATUM.

287 628 414 690 animas
438 625 497 689 Xti
522 626 679 708 sanguine
702 629 888 709 redemptas
912 627 1026 709 pocius
1048 624 1161 702 inficis,
1186 645 1286 707 quam
1310 621 1462 695 aedificas
1489 632 1522 686 et
1546 619 1633 684 mala

286 749 439 811 absencia
463 757 495 812 et
519 748 606 810 malo
629 749 784 831 exemplo
807 748 908 825 iadis,
927 759 962 810 ut
987 748 1132 811 ostendit
1156 747 1200 808 ibi
1225 745 1367 809 Sanctus
1391 743 1577 808 Bernardus
1600 743 1633 804 in

287 868 343 931 illa
379 868 528 950 Epistola
561 870 602 931 ad
635 869 827 933 Robertum.
884 869 999 949 Nuper
1029 869 1117 931 enim
1149 888 1232 930 unus
1267 866 1436 948 religiosus
1469 864 1633 948 professus

288 1008 417 1051 summa
435 990 549 1052 decem
574 989 727 1053 librarum
751 991 1001 1071 exempcionem
1025 990 1169 1072 optinuit
1191 990 1234 1052 ab
1257 989 1370 1051 ordine
1394 1009 1463 1063 suo,
1488 997 1524 1048 ut
1547 992 1634 1048 esset

289 1109 478 1189 capellanus
504 1122 536 1173 et
565 1121 669 1173 rector
695 1111 834 1187 honoris,
858 1120 891 1174 et
919 1120 1030 1174 tamen
1061 1111 1094 1173 in
1125 1110 1212 1174 sacto
1243 1131 1302 1172 suo
1333 1108 1543 1171 manifestum
1573 1105 1634 1168 luit

289 1231 378 1309 quod
398 1230 430 1291 in
451 1231 518 1292 vita
539 1252 597 1293 sua
621 1231 679 1293 suit
702 1231 890 1313 capellanus
912 1232 984 1295 vicii
1007 1240 1039 1295 et
1060 1230 1210 1294 horroris.
1257 1229 1353 1292 Heul
1379 1229 1462 1291 heu!
1491 1226 1635 1289 Domine

292 1349 392 1428 Deus,
414 1353 490 1433 quia
517 1354 649 1435 sanguis
676 1354 867 1434 sanguinem
891 1353 1008 1434 tetigit,
1032 1352 1051 1414 i.
1063 1374 1090 1416 e.
1111 1372 1212 1414 unum
1234 1351 1354 1413 vicium
1377 1347 1479 1412 trahit
1501 1348 1544 1410 ad
1571 1345 1636 1409 alia

288 1472 371 1534 vicia
388 1481 421 1534 et
439 1472 585 1555 impellit,
607 1483 763 1555 tanquam
783 1473 924 1538 cathena
946 1474 1098 1556 pessima,
1119 1473 1251 1556 propria
1274 1471 1445 1535 voluntate
1463 1469 1636 1532 deficiente

290 1602 433 1654 causata.
480 1592 614 1675 Moyses
637 1595 724 1656 enim
748 1594 885 1676 optabat
908 1614 927 1656 a
951 1592 1097 1656 Domino
1120 1593 1193 1656 Deo
1218 1605 1330 1656 nostro
1351 1611 1461 1654 curam
1485 1609 1578 1653 suam
1603 1590 1635 1651 in

289 1712 370 1775 alios
388 1714 487 1776 dividi
510 1725 543 1776 et
564 1714 625 1776 sibi
647 1726 874 1797 cooperatores
890 1714 969 1791 dari,
985 1723 1019 1776 et
1038 1713 1203 1776 Dominus
1221 1712 1250 1776 ei
1274 1719 1502 1793 cooperatores
1523 1708 1635 1786 dedit;

288 1835 335 1896 sic
357 1855 476 1912 revera,
491 1836 517 1896 si
542 1845 666 1898 rectum
691 1836 754 1898 Dei
778 1835 884 1898 zelum
907 1833 1054 1913 haberes,
1069 1835 1170 1897 alium
1191 1845 1324 1916 optares
1345 1832 1505 1915 occupare
1526 1831 1636 1894 locum

290 1966 323 2017 et
350 1955 491 2018 officium
520 1965 622 2032 tuum,
647 1959 735 2038 quod
763 1967 798 2020 tu
830 1958 966 2037 ignavus
995 1976 1145 2038 occupas,
1170 1956 1224 2018 ubi
1251 1956 1334 2018 alius
1360 1954 1498 2036 duplare
1523 1960 1637 2035 posset

289 2076 460 2138 servicium
489 2075 623 2139 Domini
652 2077 715 2141 Dei
743 2079 774 2139 in
805 2076 944 2140 salutem
974 2077 1158 2139 animarum
1184 2077 1294 2151 verbo,
1319 2083 1352 2138 et
1378 2075 1475 2150 factu,
1500 2082 1533 2137 et
1559 2073 1637 2137 doc·

290 2198 383 2271 trina,
401 2197 597 2279 perficiendo
622 2199 852 2280 multipliciter.
897 2197 1018 2261 Paulus
1042 2200 1129 2261 enim
1153 2198 1378 2261 sanctissimus
1399 2195 1637 2259 Thimotheum

290 2317 480 2400 episcopum
500 2320 649 2397 instituit,
665 2321 742 2402 quia
762 2320 942 2383 fideliorem
967 2329 1000 2383 et
1023 2320 1232 2383 scienciorem
1256 2320 1301 2382 ibi
1325 2321 1367 2384 ad
1391 2317 1472 2381 illud
1495 2317 1638 2381 officium

291 2441 433 2504 invenire
453 2461 517 2502 non
539 2442 657 2524 potuit.
705 2442 805 2506 Unde
822 2441 906 2505 hanc
922 2441 1113 2503 divisionem
1130 2462 1216 2504 curae
1236 2442 1418 2504 animarum
1439 2439 1472 2501 in
1493 2439 1639 2501 diversos

290 2559 440 2624 hortatur
462 2561 605 2624 Sanctus
627 2561 725 2640 Beda,
741 2563 857 2625 doctor
872 2561 1058 2643 Anglorum
1081 2563 1112 2624 in
1133 2561 1283 2644 Epistola
1306 2582 1365 2625 sua
1387 2561 1430 2623 ad
1454 2558 1638 2640 Egbertum

291 2681 480 2763 episcopum
499 2680 817 2757 Lindiffarniensem‚
836 2681 1009 2746 manifesta
1028 2683 1114 2744 enim
1135 2683 1221 2745 mala
1241 2702 1362 2765 magna
1382 2690 1416 2744 et
1437 2680 1576 2762 plurima
1595 2697 1639 2741 ex

284 2801 352 2884 ¹hac
376 2801 563 2883 pluralitate
586 2803 794 2866 ecclesiarum
818 2813 850 2866 et
874 2803 1052 2866 officiorum
1076 2814 1239 2868 secuntur.

378 2922 541 3005 Quartum
573 2922 695 2987 flumen
728 2924 895 2988 Babilonis
926 2934 959 2988 et
989 2924 1197 3004 confusionis,
1223 2924 1363 2988 salutem
1394 2922 1577 2987 animarum
1606 2931 1641 2986 et

285 3043 433 3127 ,plurima
459 3065 559 3126 opera
585 3045 673 3108 bona
699 3047 881 3123 destruens,
904 3054 955 3108 est
981 3045 1208 3128 appropriacio
1231 3044 1451 3110 ecclesiarum.
1497 3043 1553 3106 Ex
1576 3042 1641 3107 ista

291 3165 561 3247 appropriacione
587 3175 768 3248 sequuntur
796 3186 916 3248 magna
941 3175 975 3230 et
1002 3166 1142 3248 plurima
1169 3140 1265 3244 mala,
1291 3164 1474 3230 destruccio
1503 3163 1578 3228 cleri
1607 3171 1643 3229 et

291 3285 497 3349 studencium
537 3285 694 3360 desectus,
723 3296 756 3350 et
787 3288 921 3369 penuria
955 3287 1144 3351 clericorum
1183 3287 1373 3350 immediate
1411 3306 1496 3350 curae
1534 3285 1641 3348 inten-

292 3407 454 3480 dendum,
474 3407 564 3470 verbi
590 3407 651 3469 Dei
676 3408 845 3471 silencium
870 3417 903 3471 et
925 3408 1047 3472 oblivio
1069 3430 1127 3491 per
1150 3410 1315 3473 desectum
1339 3407 1585 3491 praedicacionis
1607 3414 1642 3469 et

291 3528 525 3591 instruccionis
571 3527 727 3611 Apostoli
751 3531 848 3608 enim,
867 3541 902 3592 ut
926 3539 1018 3612 patet
1033 3529 1182 3594 Actuum
1206 3529 1299 3612 xiiij0,
1321 3528 1560 3592 constituerunt
1583 3546 1643 3610 per

284 3648 438 3753 ⁸singulas
465 3649 620 3712 ecclesias
646 3651 852 3731 presbiteros
880 3672 943 3713 non
974 3652 1054 3715 dicit
1084 3672 1142 3734 per
1171 3652 1315 3734 singulas
1345 3660 1379 3714 et
1409 3669 1468 3731 per
1497 3649 1642 3711 diversas

291 3770 444 3833 ecclesias
470 3771 702 3834 ordinaverunt
727 3792 828 3834 unum
855 3773 1060 3836 sacerdotem
1090 3792 1148 3836 seu
1174 3782 1333 3836 rectorem
1362 3771 1558 3844 animarum,
1583 3767 1642 3832 sed

291 3891 324 3953 in
355 3891 490 3973 singulis
520 3892 664 3955 ecclesiis
694 3893 927 3956 ordinaverunt
957 3893 1101 3976 singulos
1132 3903 1282 3967 rectores,
1307 3901 1340 3955 et
1367 3890 1505 3975 quilibet
1537 3899 1644 3954 rector

285 4011 438 4075 ,habebat
462 4012 617 4090 decimas,
644 4034 702 4077 seu
729 4013 785 4096 jus
810 4013 1011 4097 percipiendi
1039 4015 1193 4091 decimas,
1217 4023 1251 4077 et
1277 4013 1389 4076 omnia
1413 4013 1503 4076 bona
1529 4010 1643 4074 debita

291 4133 384 4196 altari
407 4134 449 4195 ab
465 4135 618 4197 omnibus
634 4134 689 4216 qui
706 4156 791 4198 curae
814 4134 899 4198 illius
922 4134 1138 4217 subjacebant
1162 4135 1194 4198 in
1217 4155 1275 4197 sua
1292 4132 1466 4216 parochia3
1491 4132 1536 4194 ita
1552 4131 1642 4213 quod

291 4253 324 4314 in
352 4263 501 4336 tempore
524 4256 748 4338 apostolorum
776 4256 837 4319 fuit
865 4256 980 4320 divisio
1008 4255 1147 4339 plurium
1174 4255 1412 4339 parochiarum,
1435 4252 1586 4336 quamvis
1610 4252 1643 4315 in
