3818 4904
308 389 348 452 88
682 400 780 454 roc!
806 402 835 453 a·
864 402 987 456 LIBRr)
1022 371 1281 462 arcanarum

306 636 381 697 quae
404 616 553 679 consistit
574 617 607 678 in
626 615 810 678 voluntaria
831 619 1041 699 perpessione
1063 640 1120 681 seu
1143 620 1322 683 affliccione
1343 642 1451 703 poenae
1476 621 1507 683 in
1527 642 1562 683 se
1585 622 1657 703 ipso

305 737 361 817 qui
380 737 537 817 peccavit,
558 757 597 799 eo
619 737 707 817 quod
730 737 900 799 ordinatur
920 758 979 819 pro
999 760 1107 819 poena,
1125 750 1161 802 ut
1177 741 1322 804 declarat
1340 740 1481 805 Sanctus
1496 741 1657 817 Thomas,

306 855 432 921 Contra
456 856 613 932 Gentiles,
637 857 719 919 libro
740 863 784 933 4⁰,
803 864 888 938 cap0.
907 865 970 936 72⁰,
995 868 1028 921 et
1051 860 1166 923 doctor
1185 861 1315 924 subtilis
1338 882 1438 943 super
1459 871 1503 938 4¹n
1524 872 1656 926 senten·

304 979 437 1056 ciarum,
464 977 678 1041 distinccione
706 984 778 1053 15⁰3
806 986 838 1038 et
862 977 904 1038 de
930 977 992 1040 ista
1016 998 1115 1058 poena
1139 978 1356 1042 satisfactoria
1382 981 1469 1044 dixit
1493 980 1658 1043 Dominus

304 1100 456 1175 Ananiae,
488 1099 530 1161 de
562 1097 687 1161 Sancto
719 1095 828 1173 Paulo,
859 1095 1008 1159 Actuum
1040 1100 1099 1174 ix0,
1132 1099 1227 1180 ‘Ego
1260 1100 1436 1162 ostendam
1470 1101 1499 1162 ei
1533 1110 1658 1182 quanta

304 1229 436 1303 oportet
455 1239 531 1282 eum
550 1239 609 1300 pro
631 1219 764 1280 nomine
786 1237 861 1280 meo
882 1219 950 1297 pati
965 1215 985 1295 ;’
1010 1229 1042 1280 et
1065 1221 1111 1282 sic
1133 1220 1318 1283 satisfaccio
1339 1222 1476 1286 includit
1497 1243 1536 1301 ea
1558 1243 1658 1303 opera

304 1363 378 1424 quae
401 1351 531 1405 tenetur
553 1360 658 1421 agere,
682 1349 715 1400 et
738 1359 855 1419 poenas
878 1360 960 1421 quas
983 1349 1112 1402 tenetur
1139 1362 1198 1422 pro
1221 1353 1357 1423 peccato
1380 1363 1439 1405 suo
1462 1343 1540 1424 pati.
1587 1343 1657 1406 Do·

303 1463 412 1526 minus
435 1471 556 1537 autem,
576 1459 688 1522 Exodi
705 1466 771 1541 32⁰,
796 1459 918 1541 populo
942 1459 1044 1522 Israel
1066 1462 1190 1525 remisit
1213 1483 1348 1542 poenam
1372 1483 1482 1538 unam,
1506 1484 1549 1526 sc.
1567 1465 1656 1544 quod

303 1604 369 1646 non
392 1584 502 1646 subito
527 1580 713 1644 delerentur
739 1589 827 1652 tunc,
851 1580 908 1640 sed
934 1581 1057 1642 meritis
1080 1590 1113 1643 et
1137 1582 1288 1662 precibus
1312 1582 1432 1663 Moysi,
1454 1583 1526 1647 aliis
1549 1584 1656 1664 poenis

303 1704 573 1775 reservabantur3
598 1711 631 1763 et
654 1706 709 1761 20⁰
726 1699 857 1780 Regum
877 1699 947 1780 xij0,
974 1700 1137 1764 Dominus
1161 1702 1327 1765 transtulit
1352 1712 1525 1784 peccatum
1545 1704 1655 1767 David

302 1826 501 1909 poenitentis,
527 1824 547 1887 i.
563 1843 590 1884 e.
614 1821 740 1883 remisit
766 1820 794 1882 ei
822 1840 955 1900 poenam
981 1830 1148 1896 aternam,
1177 1831 1210 1885 et
1240 1824 1414 1887 reservavit
1445 1845 1521 1888 eum
1548 1825 1656 1905 poenis

301 1945 548 2028 temporalibus,
579 1942 679 2004 finem
709 1940 916 2014 habentibus,
948 1951 984 2004 ut
1013 1942 1160 2005 declarat
1191 1942 1333 2007 Sanctus
1361 1944 1547 2026 Gregorius,
1572 1944 1656 2007 libro

303 2115 342 2136 ..
369 2117 375 2129 .
403 2065 590 2138 Moralium,
622 2073 656 2126 et
685 2083 744 2143 pro
775 2063 845 2125 istis
875 2064 981 2144 poenis
1013 2065 1198 2126 minuendis
1234 2073 1268 2127 et
1303 2066 1510 2128 remittendis
1544 2065 1622 2129 conl
1641 2101 1655 2112 ·

303 2200 418 2253 runtur
447 2187 675 2269 indulgenciae.
736 2185 812 2247 Non
845 2185 931 2246 enim
962 2184 1098 2248 solvitur
1131 2184 1232 2248 homo
1266 2206 1324 2267 per
1356 2185 1583 2269 indulgencias
1612 2189 1657 2251 ab

301 2311 413 2393 aliquo
439 2320 514 2374 actu
538 2306 720 2372 necessario
743 2314 776 2369 et
800 2305 922 2382 debito,
946 2325 1047 2387 quem
1074 2315 1204 2369 tenetur
1226 2326 1337 2370 coram
1362 2306 1436 2370 Deo
1458 2307 1573 2387 facere,
1595 2311 1653 2373 sed

301 2455 321 2497 a
346 2453 446 2516 poena
471 2450 572 2513 quarn
596 2449 639 2491 ex
667 2427 740 2509 lege
771 2426 944 2490 sustineret
969 2426 1021 2489 vel
1050 2447 1093 2489 ex
1121 2427 1256 2490 arbitrio
1280 2427 1408 2509 judicis,
1434 2437 1467 2492 et
1492 2428 1567 2492 ideo
1594 2451 1654 2512 pro

301 2555 409 2636 poenis
446 2574 502 2615 seu
536 2549 744 2633 poenitenciis
782 2568 945 2611 canonum
984 2547 1131 2610 delendis
1170 2557 1203 2610 et
1242 2550 1455 2622 remittendis,
1489 2552 1655 2633 praecipue

301 2676 493 2739 ordinantur
523 2672 741 2752 indulgenciae
771 2689 934 2733 concessae
966 2669 1009 2732 ab
1040 2669 1186 2733 ecclesia.
1243 2668 1310 2733 Sed
1336 2671 1392 2751 qui
1418 2672 1653 2752 poenitencianr

301 2815 435 2859 ornnem
462 2794 666 2856 arbitrariam
689 2813 709 2854 a
731 2793 902 2854 sacerdote
929 2792 961 2854 in
987 2791 1057 2854 loro
1086 2793 1297 2873 poenitenciae
1327 2793 1509 2874 injunctam
1534 2805 1655 2877 sponte

301 2917 433 2999 respuit,
465 2936 531 2979 non
562 2915 659 2978 video
690 2913 830 2995 qualiter
860 2933 971 2976 revera
1000 2915 1165 2995 poenitens
1195 2915 1246 2987 sit,
1281 2935 1341 2978 nec
1374 2914 1515 2997 qualiter
1545 2936 1654 2998 capax

300 3037 526 3121 indulgencia,
554 3057 614 3100 nec
643 3036 740 3099 video
770 3035 910 3117 qualiter
935 3044 1068 3116 paratus
1102 3045 1152 3098 est
1182 3037 1343 3099 sustinere
1374 3057 1508 3119 poenam
1530 3057 1551 3100 a
1578 3037 1654 3101 Deo

301 3160 513 3241 infligendam
541 3168 616 3241 post
643 3167 793 3232 mortem,
822 3157 878 3239 qui
905 3156 957 3220 hic
987 3178 1121 3220 ornnem
1152 3157 1275 3239 respuit
1305 3158 1539 3239 poenitenciam
1566 3159 1653 3222 arbi·

300 3283 433 3347 trariam
464 3282 652 3363 injunctam.
711 3279 874 3344 Dominus
911 3280 998 3343 enim
1033 3279 1133 3354 Deus,
1165 3280 1221 3361 qui
1257 3299 1370 3343 veram
1407 3280 1652 3362 indulgenciam

300 3400 475 3464 efficaciter
504 3398 628 3462 confert
665 3417 741 3460 vere
777 3397 1016 3477 poenitentibus
1054 3405 1087 3459 et
1120 3396 1294 3470 conversis
1327 3394 1415 3458 unde
1445 3395 1556 3458 Ysaiae
1585 3402 1653 3479 43⁰,

301 3520 396 3603 ‘Ego
419 3541 492 3584 sum
516 3520 572 3601 qui
595 3518 689 3582 deleo
713 3496 902 3600 iniquitates
925 3514 1022 3580 tuas!
1068 3516 1191 3598 Injuria
1214 3517 1301 3579 enim
1328 3516 1392 3578 Dei
1420 3514 1597 3579 includitur
1620 3519 1653 3579 in

299 3644 389 3705 omni
416 3650 552 3724 peccato
580 3638 719 3716 mortali,
745 3649 778 3702 et
801 3638 856 3701 illa
880 3637 998 3718 injuria
1025 3648 1075 3700 est
1102 3639 1263 3720 impietas,
1289 3639 1330 3700 de
1355 3658 1422 3718 qua
1445 3637 1554 3700 David
1578 3658 1653 3719 pro·

299 3762 400 3845 pheta
424 3772 574 3837 testatur,
591 3760 660 3823 ‘Tu
683 3761 834 3824 remisisti
859 3760 1064 3842 impietatem
1089 3759 1215 3840 peccati
1240 3757 1325 3821 mei’
1370 3759 1432 3823 Pro
1455 3758 1517 3822 hac
1541 3761 1653 3822 remis·

298 3885 389 3948 sione
418 3882 651 3965 consequenda
674 3883 753 3946 dicit
784 3892 918 3945 sanctus
948 3881 1109 3962 Baptista,
1140 3880 1267 3944 Mathei
1293 3887 1337 3957 4⁰,
1364 3879 1500 3945 ‘Facite
1532 3881 1653 3963 dignos

298 4001 442 4079 fructus,'
469 4007 489 4067 i.
505 4025 532 4067 e.
565 4024 665 4085 opera
696 4001 915 4083 poenitenciae,
949 4008 1005 4066 ‘et
1034 4002 1137 4065 nolite
1166 4003 1275 4064 dicere
1305 4001 1390 4064 intra
1422 4022 1490 4077 vos,
1522 4009 1651 4083 patrem

297 4124 459 4187 habemus
485 4120 680 4200 Abraham,'
703 4125 793 4206 quod
822 4132 870 4186 est
897 4122 1014 4201 dicere,
1042 4122 1156 4186 Nolite
1183 4123 1324 4197 credere,
1350 4123 1440 4205 quod
1465 4122 1589 4185 meritis
1617 4130 1652 4186 et

298 4245 474 4308 autoritate
500 4246 609 4327 magni
637 4244 737 4328 patris
760 4243 933 4307 Abraham
957 4253 1064 4308 vestra
1088 4254 1224 4326 peccata
1252 4245 1468 4319 remittentur,
1492 4243 1550 4306 sed
1573 4261 1652 4305 con·
