3818 4904
229 327 270 406 84
602 340 699 394 coci
726 340 754 392 a
784 338 907 391 aluno
944 332 1200 389 VERITATUM'.

229 552 329 615 lendo
357 573 459 616 unum
488 555 626 618 mortale
656 555 745 636 quod
772 546 862 616 aliud
894 572 958 614 non
987 560 1154 613 remaneat
1186 550 1217 612 in
1246 549 1376 613 affectu.
1424 549 1583 613 ‘Auferte

230 672 355 737 malum
379 675 620 756 cogitacionum
644 683 825 738 vestrarum
846 673 889 735 ab
911 671 1014 735 oculis
1038 669 1137 747 meiS,'
1155 672 1175 732 i.
1187 691 1214 734 e.
1239 690 1304 733 non
1328 669 1436 733 solum
1460 669 1584 733 malum

230 815 315 876 opus
333 794 450 871 delete,
468 796 525 858 sed
546 796 669 859 malum
689 814 884 860 consensum
901 793 1059 875 quiescite
1078 812 1174 872 agere
1194 812 1354 873 perverse,
1372 792 1425 854 ie.
1441 795 1584 855 ‘cessate

231 937 251 979 a
281 912 385 978 malo'
411 918 513 979 verbo
544 927 577 980 et
607 917 704 991 sact0,
731 918 854 980 amodo
876 914 1012 977 ‘discite
1035 914 1119 976 benc
1149 909 1274 990 facerc,’
1297 912 1358 976 ie.
1386 915 1524 994 quaerite
1550 923 1585 976 et

231 1038 420 1118 cognoscite
444 1058 545 1119 opera
571 1039 659 1101 bona
683 1047 716 1100 et
743 1046 845 1112 actus
873 1037 929 1117 qui
956 1054 1067 1098 coram
1093 1034 1168 1096 Deo
1195 1034 1263 1096 fieri
1291 1035 1461 1098 debentur.
1507 1035 1585 1097 Non

231 1160 320 1221 enim
351 1159 440 1233 dicit,
467 1159 556 1222 Bene
578 1159 684 1234 facite,
710 1159 777 1235 sed,
807 1158 956 1220 ‘Discite
986 1157 1071 1219 bene
1095 1153 1220 1234 facere,'
1243 1166 1279 1220 ut
1306 1177 1365 1237 per
1393 1156 1464 1219 haec
1486 1156 1586 1218 verba

231 1280 374 1343 sciamus
397 1281 486 1362 quod
507 1280 671 1342 Dominus
694 1280 765 1343 vult
787 1300 848 1342 nos
871 1299 1016 1361 quaerere
1041 1288 1074 1341 et
1096 1278 1239 1355 studere,
1254 1278 1297 1341 ad
1321 1279 1586 1360 cognoscendum

233 1421 272 1464 ea
291 1421 366 1482 quae
387 1401 484 1463 saluti
506 1403 625 1465 anima*
646 1401 819 1483 pertinent,
835 1412 868 1464 et
890 1421 990 1482 opera
1011 1398 1066 1462 illa
1088 1420 1171 1483 quae,
1189 1421 1232 1463 ex
1251 1399 1324 1480 jure
1345 1400 1465 1479 divin0,
1481 1399 1587 1463 facere

231 1529 395 1596 tenentur,
422 1531 459 1584 ut
490 1530 631 1585 testatur
662 1522 805 1586 Sanctus
831 1522 1028 1602 Jeronimus,
1058 1522 1090 1583 in
1119 1520 1367 1585 Commentario
1400 1543 1460 1585 suo
1489 1541 1588 1604 super

230 1642 377 1720 Ysaiam,
394 1642 476 1705 libro
500 1644 625 1725 prim03
649 1654 683 1707 et
703 1664 802 1726 opera
824 1643 935 1724 aliqua
958 1643 1002 1705 ibi
1024 1643 1187 1705 Dominus
1209 1643 1365 1721 nominat,
1381 1664 1455 1726 quae
1479 1642 1586 1707 sacere

232 1772 396 1838 tenentur,
413 1762 579 1845 ‘Quaerite
596 1764 766 1845 judicium,
782 1765 954 1828 subvenite
977 1784 1144 1846 oppresso,
1157 1765 1304 1845 judicate
1325 1764 1459 1847 pupille,
1475 1764 1587 1828 delen-

232 1885 302 1948 dite
323 1886 457 1948 viduam
470 1883 491 1962 ;'
514 1897 592 1950 tunc
617 1888 660 1948 ‘si
682 1886 813 1950 suerunt
835 1895 972 1969 peccata
991 1895 1100 1950 vestra
1122 1896 1158 1949 ut
1179 1886 1358 1960 coccinum,
1382 1888 1399 1948 i.
1413 1905 1440 1948 e.
1466 1906 1587 1967 magna

233 2014 268 2069 et
290 2006 429 2084 intensa,
456 2008 549 2089 quasi
577 2007 636 2071 nix
662 2006 925 2086 dealbabuntur,'
952 2009 971 2069 i.
988 2029 1015 2070 e.
1040 2028 1116 2070 vere
1140 2027 1160 2069 a
1182 2027 1259 2070 meo
1282 2008 1356 2069 Deo
1380 2007 1589 2070 remittentur

232 2135 268 2191 et
294 2127 501 2192 delebuntur.
558 2128 721 2193 Sacerdos
747 2131 835 2193 enim
862 2128 1000 2192 audiens
1027 2128 1248 2193 confessiones
1280 2129 1460 2211 prudenter
1489 2129 1588 2191 inter·

234 2259 327 2330 roget
358 2259 392 2312 et
422 2261 558 2331 quaerat,
587 2272 646 2332 per
676 2252 823 2315 raciones
852 2260 886 2314 et
917 2251 1102 2314 evidencias
1133 2261 1320 2314 sanctorum
1351 2252 1523 2314 doctorum
1554 2259 1589 2314 et

233 2370 403 2452 scripturae
430 2392 539 2451 sacrae,
567 2394 642 2454 quae
669 2374 712 2437 sit
736 2373 791 2436 via
818 2382 907 2436 recta
932 2372 965 2434 in
993 2392 1094 2454 quam
1117 2372 1291 2454 poenitens,
1312 2373 1402 2436 bona
1432 2382 1466 2436 et
1496 2372 1589 2435 suavi

234 2491 468 2557 informacione
499 2504 532 2558 et
564 2495 714 2559 doctrina
743 2494 946 2569 confessoris,
975 2495 1156 2571 inducatur,
1184 2504 1217 2558 et
1248 2515 1323 2576 quae
1353 2503 1429 2557 sunt
1458 2493 1520 2556 viae
1547 2494 1590 2555 si-

234 2614 355 2691 nistrae,
382 2636 464 2697 quas
487 2616 593 2698 ipsum
617 2617 731 2698 fugere
758 2626 899 2699 oportet,
922 2636 997 2680 cum
1022 2617 1157 2690 semitis,
1181 2617 1201 2677 i.
1214 2636 1241 2679 e.
1266 2636 1341 2679 cum
1364 2615 1589 2679 occasionibus

234 2734 427 2816 propinquis
453 2737 589 2818 peccati,
611 2737 644 2800 in
667 2738 747 2816 visu,
774 2747 873 2811 tactu,
897 2737 1039 2820 loquela,
1063 2747 1096 2801 et
1120 2737 1152 2799 in
1176 2735 1338 2818 pestiferis
1361 2736 1490 2814 osculis,
1514 2756 1589 2818 quae

236 2973 337 3038 lando
360 2977 552 3055 masculum,
573 2979 737 3044 abscindit
767 2979 837 3062 ejus
860 2989 968 3061 caput,
991 2988 1027 3042 ut
1050 2988 1191 3043 testatur
1214 2977 1356 3042 Sanctus
1380 2979 1525 3042 isidorus
1555 2979 1589 3042 in

235 3094 328 3159 libris
355 3096 584 3177 Ethicarum¹;
614 3100 660 3164 sic
692 3122 803 3165 revera
825 3101 938 3165 oscula
969 3099 1144 3163 libidinosa
1171 3109 1205 3164 et
1231 3099 1406 3181 amplexus
1433 3098 1590 3182 elongant

238 3225 385 3281 mentem
412 3239 433 3281 a
454 3220 631 3284 virtutibus
658 3232 691 3286 et
718 3222 888 3285 involvunt
914 3221 947 3284 in
975 3223 1111 3285 terrenis
1140 3231 1174 3284 et
1199 3219 1384 3284 carnalibus
1409 3220 1590 3284 desideriis.

239 3335 434 3403 Consideret
463 3341 553 3422 quod
580 3353 735 3424 peccator
765 3363 830 3405 non
861 3351 972 3424 potest
998 3363 1018 3405 a
1045 3344 1189 3424 peccatis
1218 3341 1389 3405 hominem
1420 3339 1591 3404 absolvere

238 3458 469 3538 indifferenter,
494 3469 531 3524 ut
558 3462 629 3543 ipse
656 3462 708 3526 vel
735 3473 772 3526 ut
802 3462 964 3526 confitens
989 3461 1070 3538 vult,
1093 3462 1152 3527 sed
1179 3473 1215 3527 ut
1237 3462 1322 3525 velle
1349 3461 1492 3539 debent3
1524 3480 1590 3524 non

239 3579 328 3642 enim
353 3588 390 3644 ut
411 3580 573 3660 voluntas,
591 3582 649 3646 sed
674 3593 710 3647 ut
734 3583 821 3647 racio
844 3584 960 3664 exigit,
982 3584 1104 3647 debeat
1125 3583 1278 3647 sacerdos
1301 3581 1479 3658 absolvere,
1502 3581 1591 3645 unde

238 3699 375 3782 angelus
397 3701 484 3765 dixit
507 3701 633 3767 Sancto
649 3704 748 3768 Petro
770 3703 931 3786 apost010,
947 3714 1022 3787 post
1045 3705 1272 3767 ascensionem
1289 3703 1358 3778 Xti,
1374 3702 1524 3767 Actuum
1541 3708 1590 3778 κο,

239 3818 357 3902 ‘Quod
375 3822 466 3886 Deus
486 3823 666 3903 mundavit,
681 3834 718 3888 tu
740 3847 782 3889 ne
800 3844 975 3889 commune
995 3822 1142 3900 dixeris‚'
1164 3826 1217 3888 ie.
1233 3824 1451 3899 immundum,
1475 3823 1529 3888 i.e.
1548 3843 1591 3887 ne

239 3939 330 4004 dicas
351 3952 396 4022 tu,
412 3944 517 4022 Petre,
532 3945 613 4009 illud
631 3966 702 4010 esse
722 3947 929 4010 immundum
953 3946 1043 4028 quod
1060 3946 1152 4008 Deus
1172 3945 1243 4028 ipse
1264 3944 1446 4021 mundavit,
1462 3963 1523 4006 nec
1541 3943 1592 4006 di·

240 4079 295 4123 cas
310 4081 381 4127 esse
402 4068 571 4145 mundum,
587 4087 646 4131 nec
662 4088 683 4130 a
697 4068 840 4150 peccatis
855 4066 1054 4142 absolutum,
1071 4087 1170 4148 quem
1187 4065 1280 4130 Deus
1295 4065 1503 4128 immundum
1519 4083 1592 4128 esse

425 4199 433 4229 ¹
450 4200 504 4251 The
515 4218 621 4267 passage
632 4202 736 4254 referred
747 4208 774 4254 to
786 4203 843 4253 isin
856 4203 898 4254 the
913 4203 970 4254 12th
982 4202 1050 4253 book
1063 4202 1092 4252 ol
1100 4202 1216 4254 Isidore¹s
1228 4203 1401 4265 Etymologioe.
