3818 4904
648 455 747 510 LOCI
773 454 802 508 E
830 454 955 508 LIBRO
991 454 1248 512 VERITATUM.
1567 460 1628 529 175

277 679 311 733 et
331 668 534 733 Willelmum
557 669 653 733 Aske
676 668 964 748 Sarisburiensem,
990 669 1100 733 etalii
1131 670 1276 752 episcopi
1301 676 1349 746 4⁰¹
1373 670 1428 752 qui
1459 671 1563 734 eciam
1593 671 1627 732 in

277 791 385 854 officio
408 792 492 874 regis
516 800 550 855 et
573 791 694 872 reginae
717 791 874 854 continue
896 800 1065 869 steterunt,
1080 800 1159 855 tunc
1180 811 1200 854 a
1221 792 1309 855 curia
1332 792 1365 854 in
1386 813 1461 855 suas
1481 791 1628 855 dioceses

277 909 439 993 fugerunt,
455 912 610 975 timentes
628 910 743 986 occidi,
760 931 799 973 eo
823 912 912 992 quod
933 910 1022 974 fama
1042 912 1103 974 luit
1122 912 1211 993 quod
1233 912 1453 976 communitas
1472 921 1529 975 e‘os
1549 920 1628 975 tunc

277 1032 383 1095 voluit
405 1033 574 1110 occidere3
606 1041 639 1096 et
665 1034 728 1095 ista
749 1032 908 1113 praedicta
931 1033 1006 1095 novi
1031 1053 1102 1096 esse
1124 1053 1209 1110 vera,
1233 1053 1303 1115 egr),
1333 1033 1449 1096 doctor
1471 1031 1628 1108 Thomas,

278 1153 335 1234 qui
353 1152 424 1217 haec
445 1174 543 1216 manu
565 1174 638 1216 mea
656 1153 788 1235 propria
810 1153 946 1236 scripsi3
969 1162 1003 1217 et
1025 1154 1088 1217 iste
1111 1153 1287 1236 praedictus
1307 1154 1480 1237 episcopus
1496 1153 1627 1227 Sarum,

278 1271 464 1337 Willelmus
486 1273 590 1348 Aske,
614 1274 676 1338 luit
699 1273 866 1336 confessor
890 1274 975 1356 regis
999 1273 1135 1338 Henrici
1157 1273 1209 1356 vjli
1236 1295 1294 1356 per
1320 1274 1430 1356 plures
1455 1293 1569 1351 annos,
1595 1282 1629 1337 et

278 1393 311 1454 in
338 1395 428 1458 curia
452 1395 536 1476 regis
565 1395 657 1477 quasi
681 1394 836 1458 continue
864 1394 993 1471 mansit,
1016 1415 1187 1476 quousque
1217 1394 1365 1477 fugiebat
1395 1403 1486 1458 metu
1514 1395 1630 1457 mortis

278 1534 367 1592 suae3
391 1524 426 1578 et
442 1535 610 1596 nunquam
626 1525 704 1579 ante
725 1513 816 1576 illum
839 1515 1030 1596 episcopum
1050 1514 1112 1578 suit
1132 1514 1250 1597 aliquis
1273 1517 1445 1597 episcopus
1466 1513 1631 1579 confessor

279 1634 364 1716 regis
386 1633 522 1717 Angliae
544 1636 689 1711 diurnus,
712 1655 771 1697 nec
796 1635 950 1698 continue
976 1636 1009 1696 in
1034 1636 1123 1698 curia
1148 1635 1233 1716 regis
1256 1635 1410 1711 residens,
1430 1635 1487 1698 sed
1512 1636 1546 1697 in
1570 1655 1630 1697 sua

279 1774 357 1818 cura
378 1754 430 1817 vel
453 1755 540 1822 alibi.

367 1883 404 1951 [p.
429 1884 500 1949 302.]
545 1875 613 1939 Iste
644 1873 787 1939 Sanctus
815 1875 915 1952 Beda,
946 1874 1127 1939 monachus
1156 1876 1280 1939 ordinis
1310 1875 1423 1940 Sancti
1452 1875 1631 1952 Benedicti,

280 1995 460 2059 monachus
482 1996 564 2078 nigri
587 1996 710 2059 ordinis
733 1997 766 2058 in
790 1997 991 2059 monasterio
1010 1996 1124 2060 Sancti
1144 1996 1235 2059 Pauli
1258 1997 1408 2079 apostoli,
1430 1997 1485 2060 ubi
1510 1997 1631 2060 mansit

281 2114 424 2180 Sanctus
447 2116 548 2192 Beda,
577 2125 610 2179 et
640 2137 700 2199 per
728 2122 776 2193 4⁰²
803 2115 962 2179 millearia
992 2117 1116 2180 distant
1146 2118 1382 2181 monasterium
1405 2115 1519 2181 Sancti
1543 2117 1631 2181 Petri

279 2235 422 2318 apostoli
449 2237 483 2299 in
506 2234 703 2300 Wermouth
729 2245 763 2300 et
787 2236 1024 2300 monasterium
1049 2235 1163 2301 Sancti
1191 2236 1283 2300 Pauli
1309 2237 1451 2320 apostoli
1476 2239 1509 2300 in
1531 2237 1632 2318 Jaru:

280 2367 314 2421 et
343 2358 421 2440 quia
458 2356 529 2421 ista'
552 2359 619 2420 duo
650 2358 849 2421 monasteria
886 2377 989 2421 unum
1019 2368 1053 2422 et
1083 2360 1225 2422 eundem
1258 2358 1415 2422 abbatem
1444 2358 1633 2423 habuerunt

280 2477 357 2541 ideo
380 2477 523 2543 Sanctus
547 2477 648 2557 Beda,
679 2479 713 2540 in
743 2478 833 2541 libris
866 2479 933 2542 suis
963 2479 1093 2543 duobus
1119 2479 1172 2543 De
1201 2481 1303 2561 gestis
1333 2482 1432 2544 trium
1463 2481 1632 2558 abbatum,

282 2601 518 2663 monasterium
548 2621 644 2663 suum
675 2601 730 2663 ubi
765 2601 885 2665 mansit
914 2612 1012 2666 vocat
1046 2602 1226 2683 aliquando
1256 2601 1335 2682 Jaru
1366 2622 1424 2665 seu
1454 2600 1568 2680 Girun‚
1598 2611 1633 2665 et

280 2718 461 2802 aliquando
479 2720 693 2798 Wermowth,
714 2722 792 2804 quia
812 2722 875 2787 ista
899 2723 966 2786 duo
989 2724 1198 2798 monasteria,
1222 2744 1324 2787 unum
1346 2724 1512 2801 abbatem,
1529 2721 1633 2787 Bene-

280 2841 406 2905 dictum
423 2841 552 2925 Biscop‚
567 2841 736 2918 habencia,
754 2863 855 2905 unum
872 2844 1108 2907 monasterium
1125 2844 1343 2908 censebantur
1366 2855 1400 2908 et
1414 2845 1633 2920 vocabantur3

282 2972 316 3026 et
349 2962 413 3025 ista
440 2962 507 3026 duo
533 2965 734 3028 monasteria
765 2965 798 3026 in
824 2964 917 3027 boria
940 2963 1075 3046 Angliae
1099 2974 1197 3043 stant,
1223 2965 1309 3028 inter
1333 2984 1454 3048 aquam
1477 2964 1574 3048 Tyne
1601 2974 1635 3029 et

282 3101 403 3163 aquam
420 3080 526 3157 Weer,
547 3093 581 3147 et
601 3083 688 3162 villa,
707 3083 807 3166 juxta
828 3104 930 3166 quam
954 3105 1041 3167 aqua
1056 3084 1154 3167 Tyne
1176 3085 1275 3149 currit
1297 3088 1331 3150 in
1354 3105 1443 3150 mare
1465 3085 1634 3161 orientale,

281 3212 419 3266 vocatur
447 3203 679 3287 Tynemowth,
713 3206 733 3266 i.
747 3226 775 3268 e.
806 3225 845 3268 os
874 3203 971 3287 Tyne
1000 3224 1105 3288 aquae,
1136 3205 1191 3268 ubi
1222 3205 1278 3269 illa
1307 3226 1394 3288 aqua
1423 3216 1575 3289 penetrat
1601 3206 1634 3269 in

283 3343 383 3398 mare,
400 3332 434 3387 et
456 3324 544 3402 villa,
557 3325 657 3407 juxta
678 3345 779 3408 quam
802 3326 902 3389 currit
924 3345 1012 3407 aqua
1026 3324 1127 3389 Weer
1148 3326 1181 3389 in
1204 3346 1295 3390 mare
1317 3326 1482 3402 orientale,
1498 3334 1636 3390 vocatur

282 3442 497 3519 Wermouth,
536 3447 556 3508 i.
573 3467 602 3510 e.
636 3467 673 3510 os
698 3444 797 3510 Weer
829 3467 936 3528 aquae,
964 3447 1019 3509 ubi
1050 3444 1168 3510 Weere
1198 3447 1298 3511 intrat
1333 3447 1366 3509 in
1397 3467 1498 3510 mare.
1550 3446 1635 3511 Haec

282 3575 401 3647 patent
431 3566 464 3630 in
495 3565 638 3631 Cronica
661 3568 898 3632 Dunelmensis
929 3567 1084 3646 ecclesiae,
1114 3579 1148 3632 et
1184 3567 1299 3631 insulae
1330 3568 1418 3632 Fam
1451 3577 1485 3631 et
1520 3566 1635 3631 insulae

284 3685 553 3763 Lindilamensis‚
574 3689 629 3751 ubi
652 3688 714 3752 suit
735 3690 831 3752 sedes
854 3688 1048 3771 episcopalis
1071 3688 1184 3753 Sancti
1202 3687 1375 3753 Cuthberti
1399 3689 1554 3772 episcopi,
1578 3691 1636 3771 qui

283 3816 363 3872 ante
385 3818 517 3890 etpost
541 3809 769 3892 episcopatum
793 3808 1079 3873 Lindifarnensem
1101 3810 1292 3874 anachorita
1314 3809 1385 3873 suit.

372 3937 409 4004 [p.
435 3935 505 4003 304]
551 3928 606 3994 Sic
638 3940 714 3994 sunt
751 3928 818 3994 lere
851 3930 963 3993 omnia
996 3930 1155 3994 notabilia
1187 3951 1262 4013 quae
1297 3930 1410 4013 scripsi
1447 3930 1481 3991 in
1512 3929 1636 4013 scripto

285 4068 361 4112 meo
386 4049 428 4113 de
450 4050 645 4115 veritatibus
671 4050 819 4116 collectis
846 4072 906 4134 per
930 4053 1067 4116 modum
1092 4051 1225 4116 tabulae.
1271 4051 1354 4133 Ego,
1380 4050 1528 4114 Thomas
1551 4050 1637 4116 Gas-

285 4169 412 4252 coigne,
440 4181 619 4254 postquam
651 4174 722 4237 rexi
750 4171 894 4236 Oxoniae
921 4173 954 4235 in
978 4171 1164 4255 Theologia
1187 4171 1233 4255 xij
1265 4192 1377 4248 annos,
1402 4181 1436 4236 et
1457 4182 1636 4255 postquam

286 4291 447 4376 resignavi
477 4302 596 4376 sponte
626 4294 800 4360 rectoriam
830 4314 939 4360 meam
970 4294 1014 4358 de
1044 4293 1204 4377 Dighton,
1234 4314 1335 4376 quam
1364 4293 1495 4359 vineam
1524 4292 1634 4370 habui,
