3818 4904
273 413 337 477 214
650 403 750 462 toci
764 404 804 459 ·E
832 402 958 460 LIBRO
994 403 1145 460 VERITA
1153 403 1251 461 TUM.

274 622 411 687 Domini
438 631 528 699 1457,
551 619 604 682 die
631 618 798 680 dominica
822 616 904 680 infra
934 627 1068 681 octavas
1100 616 1213 681 Sancti
1239 616 1383 694 Martini,
1406 613 1541 698 gloriosi
1568 611 1629 677 Xti

274 741 477 807 confessoris.
534 740 579 802 Et
606 740 639 801 in
666 739 808 802 crastino
837 737 952 802 Sancti
983 738 1161 812 Edmundi‚
1189 738 1274 820 regis
1300 747 1334 800 et
1364 737 1514 814 martiris,
1540 735 1628 798 idem

275 863 385 928 Pecok
415 861 589 943 episcopus
620 860 783 922 revocavit
814 860 959 922 diversas
991 858 1217 922 conclusiones
1248 879 1307 941 per
1337 879 1413 921 eum
1441 857 1566 940 positas
1596 856 1629 918 in

274 984 364 1047 libris
391 984 457 1044 suis
484 991 517 1043 et
542 979 583 1042 ab
611 981 657 1042 eis
682 979 813 1042 recessit
842 998 952 1041 coram
977 976 1223 1060 archiepiscopo
1250 989 1283 1042 et
1308 979 1380 1041 aliis
1407 978 1570 1060 episcopis
1596 987 1630 1041 et

273 1102 464 1167 doctoribus
487 1100 689 1182 Theologiae‚
712 1098 865 1162 secularis
896 1099 1028 1162 habitus
1059 1109 1092 1163 et
1124 1100 1289 1181 religiosi;
1320 1109 1354 1163 et
1380 1121 1468 1164 anno
1492 1099 1628 1162 Domini

275 1221 450 1286 millesimo
461 1221 734 1316 quinquagesimo
748 1216 821 1304 (sic)
833 1220 986 1302 septimo,
998 1220 1086 1300 apud
1104 1219 1273 1299 Lamhith,
1289 1221 1344 1284 die
1361 1221 1562 1285 Novembris
1579 1218 1629 1299 28,

275 1346 308 1406 in
320 1345 499 1427 praesencia
511 1342 636 1405 domini
654 1341 899 1405 Cantuariensis
916 1350 951 1404 et
965 1339 1105 1404 aliorum
1121 1342 1349 1423 episcoporum
1365 1352 1398 1406 et
1414 1342 1630 1424 plurimorum

275 1467 449 1530 doctorum
476 1461 678 1544 Theologiae‚
709 1461 843 1525 recessit
872 1483 893 1523 a
915 1461 1005 1524 libris
1035 1462 1103 1524 suis
1133 1483 1217 1543 quos
1241 1464 1424 1545 scripserat,
1450 1472 1484 1526 et
1506 1485 1527 1527 a
1553 1483 1630 1527 con·

275 1586 476 1651 clusionibus
502 1584 578 1659 suis,
601 1593 635 1647 et
658 1582 731 1646 illas
756 1582 918 1663 abjuravit
942 1583 1068 1645 ibidem
1091 1583 1170 1663 ipsis
1192 1585 1420 1665 praesentibus,
1444 1594 1477 1647 et
1500 1584 1631 1648 duobus

275 1707 418 1772 dominis
444 1704 653 1782 secularibus
679 1725 723 1768 sc.
742 1705 878 1768 domino
897 1702 1030 1767 Thoma
1054 1702 1180 1783 Stanle,
1199 1715 1232 1769 et
1259 1706 1396 1769 domino
1424 1706 1477 1769 De
1501 1705 1630 1790 ScalyS,

276 1839 310 1893 et
337 1826 449 1891 multis
477 1827 655 1902 militibus3
686 1835 720 1889 et
747 1845 863 1888 omnes
890 1825 990 1887 libros
1013 1835 1092 1889 tunc
1122 1829 1304 1891 revocavit:
1333 1830 1436 1892 etsie
1466 1828 1631 1892 revocavit

275 1951 368 2013 illum
399 1949 519 2011 librum
550 1967 647 2009 suum
679 1947 855 2029 proprium,
880 1947 913 2008 in
944 1967 1011 2028 quo
1042 1947 1171 2029 scripsit
1198 1950 1288 2031 quod
1318 1951 1501 2032 episcopus
1526 1952 1561 2013 in
1591 1970 1631 2013 eo

276 2069 365 2149 quod
390 2067 563 2148 episcopus
586 2075 646 2136 est,
671 2083 738 2125 non
762 2062 927 2145 obligatur
949 2063 1148 2144 praedicare3
1173 2074 1207 2128 et
1231 2085 1361 2146 magnae
1386 2084 1494 2128 causae
1521 2085 1632 2128 move·

275 2188 357 2251 bant
388 2186 522 2249 clericos
552 2194 585 2248 et
615 2185 768 2246 dominos
797 2183 997 2265 temporales
1034 2183 1175 2247 multum
1206 2196 1321 2249 contra
1351 2206 1436 2261 eum,
1467 2206 1513 2250 sc.
1541 2187 1630 2268 quod

276 2307 405 2389 scripsit
435 2304 520 2370 altas
550 2306 714 2381 materias,
742 2304 802 2367 ie.
826 2303 1016 2385 profundas,
1040 2305 1074 2367 in
1101 2304 1262 2388 Anglicis,
1285 2327 1360 2388 quae
1386 2308 1502 2391 pocius
1527 2307 1633 2371 abdu-

276 2437 388 2492 cerent
414 2427 515 2490 laicos
538 2447 559 2489 a
580 2427 669 2489 bono
691 2445 793 2507 quam
820 2445 864 2486 ex
886 2444 965 2487 vero
992 2425 1091 2487 simili
1114 2425 1224 2506 plures
1247 2427 1406 2491 ducerent
1428 2427 1471 2491 ad
1495 2428 1631 2491 bonum.

279 2551 374 2626 ltem,
389 2549 572 2611 secundum
596 2566 755 2628 magnum
777 2545 938 2608 motivum
962 2556 1078 2610 contra
1102 2546 1195 2609 illum
1213 2547 1322 2611 Pecok
1345 2549 1538 2631 episcopum
1560 2548 1632 2625 fuit,

277 2672 366 2754 quod
385 2668 557 2751 vilipendit
577 2678 610 2730 et
632 2670 738 2730 renuit
760 2687 860 2748 opera
882 2678 915 2729 et
936 2667 1058 2748 scripta
1076 2679 1267 2731 sanctorum
1288 2670 1463 2733 doctorum
1482 2670 1631 2734 ecclesiae

279 2790 439 2855 Sanctum
462 2788 677 2870 Jeronimum,
702 2787 863 2851 Sanctum
880 2786 1117 2869 Augustinum,
1139 2798 1173 2852 et
1195 2790 1331 2852 beatum
1347 2789 1574 2866 Ambrosium,
1599 2800 1634 2855 et

277 2912 413 2975 beatum
431 2909 636 2991 Gregorium‚
659 2919 693 2973 et
715 2930 832 2972 omnes
851 2908 934 2971 alios
957 2910 1130 2989 scriptores
1153 2909 1295 2973 dicendo
1311 2910 1446 2975 ‘Vatht'
1468 2914 1511 2975 de
1533 2913 1634 2994 scrip-

279 3034 322 3096 tis
349 3052 462 3094 eorum
486 3040 675 3094 sanctorum
699 3030 760 3093 nisi
783 3030 913 3092 racione
940 3029 1080 3092 naturali
1103 3031 1193 3092 dicta
1219 3051 1278 3094 sua
1303 3031 1488 3112 probarent.
1536 3033 1633 3109 Item,

278 3153 357 3235 quia
379 3152 511 3233 negavit
538 3171 714 3214 commune
741 3150 920 3214 cimbolum
944 3171 1015 3213 esse
1042 3151 1221 3213 cimbolum
1245 3152 1288 3215 ab
1312 3153 1472 3235 apostolis
1495 3155 1632 3219 editum.

279 3274 375 3347 Item,
403 3274 480 3354 quia
506 3272 582 3336 secit
608 3292 730 3334 novum
757 3282 790 3335 et
817 3271 953 3352 longum
981 3271 1160 3334 cimbolum
1188 3292 1284 3334 suum
1309 3274 1477 3355 proprium
1503 3275 1537 3337 in
1560 3275 1634 3339 An-

278 3393 380 3477 glicis,
412 3395 445 3456 in
477 3414 543 3474 quo
573 3393 686 3457 omisit
716 3403 807 3456 certa
832 3393 941 3476 posita
968 3393 1000 3454 in
1028 3393 1172 3457 cimbolo
1196 3404 1309 3458 nostro
1338 3395 1574 3477 apostolorum,
1600 3406 1635 3461 et

278 3517 408 3596 scripsit
423 3515 513 3597 quod
537 3514 639 3577 homo
658 3515 806 3578 crederet
827 3515 1000 3578 ecclesiam
1016 3513 1213 3579 catholicam
1233 3537 1315 3596 esse,
1333 3518 1392 3580 sed
1413 3537 1481 3582 non
1504 3528 1636 3583 tenetur

278 3647 366 3701 stare
395 3636 664 3698 determinacioni
695 3634 850 3712 ecclesiae,
874 3636 901 3698 si
932 3636 1033 3699 homo
1063 3635 1186 3700 habeat
1218 3638 1436 3702 sufficientem
1466 3641 1636 3723 exceptio·

280 3775 356 3818 nem
380 3757 414 3818 in
433 3756 567 3837 ingenio
585 3776 646 3818 suo
664 3763 780 3818 contra
799 3755 901 3818 illam.
939 3755 984 3818 Et
1007 3755 1124 3819 eodem
1148 3777 1236 3820 anno
1257 3756 1318 3820 Xti
1338 3756 1417 3838 Jesu
1437 3764 1509 3820 mm⁰
1524 3766 1637 3824 cccc¹¹¹⁰

279 3877 554 3958 quinquagesimo
584 3876 737 3957 septim0,
761 3875 798 3957 ijs
821 3875 987 3939 dominica
1017 3876 1182 3940 adventus
1212 3877 1356 3951 Domini,
1382 3899 1458 3960 quae
1488 3878 1550 3944 fuit
1579 3879 1638 3944 illo

279 4018 367 4060 anno
394 3999 428 4060 in
452 3997 507 4060 die
530 3995 664 4060 Sanctae
691 3996 846 4060 Barbarae
873 3997 1007 4079 virginis
1034 4007 1068 4061 et
1094 3998 1246 4074 martiris,
1272 4019 1317 4062 sc.
1342 4010 1461 4081 quarto
1488 4000 1542 4063 die
1566 4001 1637 4065 De-

280 4117 430 4196 cembris,
448 4117 481 4179 in
502 4118 682 4200 praesencia
702 4117 940 4201 archiepiscopi
960 4118 1086 4182 Bouser
1107 4129 1141 4182 et
1163 4119 1392 4202 episcoporum
1415 4120 1580 4186 Roflensis
1603 4131 1637 4187 et

282 4236 532 4316 Londoniensis,
556 4239 645 4302 idem
671 4239 781 4303 Pecok
806 4240 941 4304 recessit
962 4261 983 4304 a
1004 4239 1095 4305 libris
1118 4241 1185 4304 suis
1209 4241 1373 4319 omnibus,
1394 4251 1428 4306 et
1451 4242 1637 4325 inscriptis
