3818 4904
219 420 221 425 .
285 368 345 452 156
662 376 761 432 Locl
787 377 816 429 E
845 375 970 429 LIBRO
1006 375 1263 430 VERITATUM.

286 588 423 671 imperio
451 599 595 670 quartus,
621 599 655 653 et
683 590 716 651 in
742 588 966 652 Bohemorum
992 608 1093 671 regno
1124 587 1222 669 hujus
1252 585 1395 650 nominis
1425 585 1558 667 primus,
1584 603 1644 646 rex

286 711 419 791 insuper
448 707 645 790 Anglorum,
677 709 910 792 Ungariorum,
943 719 976 773 et
1008 708 1218 782 Polonorum‚
1249 728 1325 772 cum
1360 705 1473 770 multis
1504 705 1644 769 aliamm

287 841 446 894 terramm
465 831 617 907 dominis,
636 831 811 894 Urbanum
831 841 967 894 sextum
987 830 1034 892 eis
1055 831 1087 892 in
1109 849 1229 912 papam
1252 835 1490 911 praesentatum
1511 845 1645 907 recepe·

288 960 365 1014 runt
384 951 416 1013 in
435 949 547 1029 talem,
563 970 773 1032 nequaquam
795 952 946 1014 recedere
961 949 1111 1014 volentes
1131 951 1173 1013 ab
1194 970 1244 1013 eo.
1290 947 1435 1011 Karolus
1455 957 1567 1011 autem
1584 966 1645 1009 rex

291 1069 503 1145 Francorum,
530 1091 590 1134 rex
619 1070 784 1150 Castellae,
812 1082 846 1135 et
876 1071 1081 1153 Arragoniae,
1108 1071 1151 1133 ab
1183 1070 1322 1134 Urbano
1351 1068 1410 1150 vju
1437 1067 1645 1140 decedentes,

292 1190 478 1255 Robertum
518 1190 570 1255 vel
611 1190 819 1256 Clementem
853 1192 920 1274 vijm
953 1192 986 1253 in
1023 1189 1242 1272 apostolicum
1276 1196 1498 1271 susceperunt,
1534 1188 1647 1269 sicque

289 1311 416 1376 iactum
443 1322 494 1376 est
516 1312 627 1385 cisma,
650 1314 739 1393 quod
765 1313 894 1375 duravit
920 1312 1006 1376 ultra
1034 1312 1168 1392 triginta
1191 1330 1311 1374 novem
1334 1329 1447 1388 annos,
1470 1307 1603 1384 scilicet,
1627 1326 1648 1370 a

291 1430 404 1514 vigilia
425 1431 515 1495 beati
539 1431 708 1497 Laurentii
736 1431 826 1516 1378,
849 1435 891 1496 ad
915 1433 1002 1496 diem
1029 1431 1144 1496 Sancti
1166 1431 1302 1494 Martini
1326 1430 1480 1513 episcopi,
1503 1428 1536 1492 in
1559 1447 1648 1491 anno

293 1551 430 1615 Domini
465 1570 557 1631 1417,
589 1552 621 1614 in
653 1573 720 1634 quo
750 1554 804 1616 die
835 1553 895 1616 fuit
925 1553 1050 1616 electus
1085 1553 1118 1614 in
1153 1571 1276 1634 papam
1310 1551 1463 1614 dominus
1494 1549 1571 1614 Odo
1605 1548 1648 1611 de

294 1670 477 1747 Columnis,
502 1682 535 1735 et
559 1682 695 1736 vocatus
719 1682 770 1736 est
797 1693 884 1756 papa
908 1673 1072 1736 Martinus
1095 1674 1238 1754 quintus,
1264 1672 1296 1735 in
1323 1670 1463 1735 concilio
1485 1668 1649 1734 Constan-

294 1792 395 1857 ciensi
423 1792 548 1856 electus
575 1791 608 1854 in
634 1812 766 1874 papam.
823 1791 891 1856 Sed
918 1793 989 1875 jam
1018 1795 1194 1857 redeamus
1226 1793 1269 1856 ad
1297 1793 1447 1856 ordinem
1478 1807 1649 1873 paparum,

294 1922 372 1995 post
389 1912 563 1975 Urbanum
581 1912 638 1994 vjm
655 1913 774 1975 Rornae
797 1933 964 1976 summurn
981 1913 1183 1995 pontificem.
1230 1912 1418 1976 Bonisacius
1434 1910 1469 1974 ix
1492 1908 1650 1974 successit

296 2030 435 2096 Urbano
460 2031 517 2114 vj⁰,
544 2033 599 2113 qui
628 2032 815 2096 Bonisacius
840 2034 876 2095 ix
910 2034 1033 2098 electus
1061 2044 1111 2098 est
1138 2036 1171 2097 in
1199 2054 1321 2117 papam
1352 2053 1440 2097 anno
1467 2031 1528 2096 Xti
1556 2027 1649 2114 1389,

295 2161 330 2215 et
362 2172 450 2216 anno
481 2151 542 2215 Xti
573 2169 652 2234 1391
687 2153 894 2219 canonizavit
925 2155 1044 2218 Romae
1074 2156 1208 2218 beatam
1240 2154 1425 2236 Birgittam,
1449 2153 1585 2216 viduam
1615 2159 1650 2212 et

296 2271 525 2355 principissam
550 2272 717 2353 Nerisciae,
742 2276 785 2338 de
816 2295 917 2357 regno
942 2274 1080 2339 Sueciae.
1139 2276 1208 2339 Iste
1239 2274 1470 2355 Bonisacius9
1501 2280 1650 2335 mortuus

296 2403 349 2457 est
379 2413 466 2457 anno
498 2392 635 2457 Domini
665 2413 755 2474 1404,
786 2417 845 2478 per
875 2407 1008 2478 tempus
1040 2396 1176 2477 aliquod
1207 2405 1285 2460 ante
1315 2395 1437 2459 festum
1469 2391 1650 2458 nativitatis

297 2513 435 2578 Domini
460 2515 562 2578 nostri
586 2515 664 2596 Jesu
693 2516 763 2595 Xti,
786 2517 838 2579 cui
862 2515 1017 2581 dominus
1041 2518 1257 2582 Innocencius
1278 2517 1335 2600 vij⁸
1359 2526 1410 2580 est
1434 2516 1467 2578 in
1491 2513 1651 2598 apostoli-

297 2655 374 2699 cum
397 2635 604 2717 subrogatus.
652 2636 850 2700 Innocencio
871 2637 933 2719 vij⁰
956 2639 1113 2702 successit
1139 2638 1317 2721 Gregorius
1336 2638 1396 2720 xij⁸
1421 2636 1453 2699 in
1480 2657 1547 2700 una
1573 2635 1653 2699 obe·

298 2755 435 2830 diencia‚
466 2755 601 2833 scilicet,
626 2777 739 2819 eorum
770 2759 825 2839 qui
857 2758 920 2820 sibi
951 2759 1162 2823 obediebant.
1208 2760 1247 2822 In
1274 2759 1340 2823 alia
1366 2757 1560 2822 obediencia
1585 2774 1652 2818 non

299 2875 454 2939 Romana
479 2875 637 2940 successit
664 2876 781 2941 Petrus
805 2879 848 2942 de
872 2878 978 2956 Luna,
1000 2880 1056 2961 qui
1079 2881 1261 2945 vocabatur
1286 2901 1306 2943 a
1332 2880 1395 2943 sibi
1421 2875 1653 2942 obedientibus

300 2995 499 3061 Benedictus
515 2996 595 3079 xiij3
619 3008 653 3062 et
676 3007 747 3062 tum
769 2998 953 3063 cardinales
969 2999 1118 3083 Gregorii
1134 2999 1193 3082 xij,
1210 3011 1244 3066 et
1262 3001 1368 3065 eciam
1390 3000 1446 3063 alii
1470 2997 1654 3064 cardinales

297 3116 466 3200 antipapa
497 3118 671 3184 Benedicti
701 3118 761 3201 xiij
794 3130 999 3185 recesserunt
1033 3122 1077 3185 ab
1112 3123 1307 3187 obediencia
1342 3123 1511 3203 utriusque
1546 3138 1654 3202 papae,

298 3237 431 3317 scilicet,
456 3237 607 3323 Gregorii
629 3239 720 3322 xijnfi,
745 3251 778 3306 et
801 3242 978 3325 antipapae,
1003 3242 1059 3325 qui
1082 3242 1264 3307 vocabatur
1287 3243 1486 3307 Benedictus
1508 3240 1589 3323 xiij3
1620 3248 1655 3304 et

298 3360 464 3423 vocabant
487 3361 540 3424 isti
564 3361 747 3425 cardinales
771 3364 942 3446 utriusque
966 3365 1078 3446 partis,
1094 3385 1138 3428 sc.
1156 3363 1306 3447 Gregorii
1322 3362 1403 3447 xijmi
1423 3373 1458 3428 et
1481 3362 1655 3427 Benedicti

299 3481 401 3564 xiijmi,
433 3484 608 3547 concilium
640 3485 806 3562 Pisanum,
838 3505 904 3567 quo
938 3495 1140 3569 congregato
1171 3487 1259 3551 idem
1289 3485 1465 3550 concilium
1499 3484 1655 3547 Pisanum

298 3603 455 3685 deposuit
476 3625 535 3687 per
556 3606 756 3670 sententiam
780 3607 909 3670 concilii
934 3608 1052 3687 Pisani,
1075 3629 1163 3672 anno
1186 3608 1324 3672 Domini
1349 3625 1432 3690 1409
1456 3605 1655 3689 congregati,

301 3723 497 3808 Gregorium
513 3727 601 3810 xij¹¹¹n
624 3748 747 3811 papam
772 3729 970 3808 Romanum,
995 3740 1029 3794 et
1053 3730 1264 3795 Benidictum
1279 3729 1379 3811 xiijum
1395 3729 1598 3811 antipapam,
1622 3727 1656 3791 id

300 3855 360 3924 est,
382 3857 496 3912 contra
523 3869 654 3931 papam,
678 3861 712 3915 et
738 3849 909 3933 elegerunt
935 3852 967 3914 in
992 3872 1114 3934 papam
1143 3852 1278 3917 Petrum
1304 3852 1347 3915 de
1373 3849 1510 3929 Candia,
1533 3848 1658 3913 ordinis

299 3966 439 4031 fratrum
466 3970 638 4046 minorum,
664 3982 698 4036 et
723 3972 889 4036 vocabant
912 3992 988 4035 eum
1011 3972 1245 4038 Alexandrum
1269 3972 1431 4054 quintum,
1454 3981 1489 4035 et
1511 3969 1573 4034 iste
1595 3968 1658 4034 ruit

300 4087 418 4151 doctor
446 4111 548 4156 sacrae
575 4092 780 4176 Theologiae.
826 4094 962 4158 Mortuo
992 4093 1192 4158 Alexandro
1222 4095 1339 4178 quinto
1369 4114 1457 4178 papa
1488 4093 1657 4175 quondam

301 4207 464 4289 Romano,
494 4211 618 4277 electus
659 4214 720 4279 suit
758 4214 790 4277 in
827 4234 949 4298 papam
982 4216 1171 4279 Romanum
1201 4215 1372 4297 Johannes
1407 4214 1502 4296 xxiij,
1532 4214 1588 4296 qui
1623 4213 1657 4276 in
