3818 4904
697 456 796 511 LOCI
822 457 852 510 E
879 456 1005 512 LIBRO
1040 459 1300 513 VERITATUM.
1620 464 1680 535 135

323 672 457 749 deliciis,
487 679 521 735 et
550 670 606 733 alii
636 670 781 734 officiarii
817 664 937 752 quibus
967 672 1055 735 vices
1085 693 1161 735 suas
1194 673 1406 736 committant
1440 694 1541 756 opera
1574 693 1679 755 pauca

323 793 447 858 iaciunt
471 791 605 856 nomine
628 812 750 854 eorum.

412 922 452 989 [p.
470 921 524 985 26.]
569 911 657 985 Noli,
686 913 775 993 quod
803 913 1016 978 destruantur
1040 912 1098 976 illa
1124 934 1200 994 quae
1228 913 1343 978 fierent
1369 935 1429 996 per
1453 913 1509 977 illa
1531 914 1619 977 bona
1646 915 1680 976 in

324 1033 481 1116 parochia
506 1053 567 1116 per
588 1042 747 1108 curatum,
772 1034 824 1096 cui
854 1032 911 1096 illa
940 1033 1030 1096 bona
1059 1034 1140 1097 data
1169 1045 1263 1098 erant
1293 1045 1428 1117 propter
1457 1034 1545 1098 bona
1571 1034 1681 1098 fienda

324 1174 436 1218 coram
458 1152 674 1237 parochianis,
698 1163 732 1217 et
755 1152 881 1216 eisdem
902 1154 1119 1235 parochianis,
1135 1162 1169 1218 et
1190 1174 1249 1236 pro
1270 1154 1404 1231 eisdem,
1427 1175 1471 1219 sc.
1487 1154 1680 1237 exemplum

323 1283 487 1349 sanctum,
507 1274 630 1337 devota
652 1273 767 1350 oratio,
790 1274 948 1351 doctrina,
971 1294 1089 1337 sanum
1112 1273 1294 1352 consilium,
1313 1284 1346 1338 et
1370 1275 1515 1338 remedia
1537 1284 1682 1357 tempta·

324 1395 462 1473 tionum,
484 1392 703 1476 hospitalitas,
724 1401 758 1456 et
778 1393 969 1472 elemosina,
987 1404 1021 1459 et
1042 1395 1209 1458 exhibicio
1230 1394 1388 1477 juvenum
1408 1396 1452 1458 ad
1473 1396 1582 1459 studia
1609 1395 1681 1459 lite-

325 1535 443 1594 rarum,
461 1523 499 1579 ut
521 1524 629 1579 rector
651 1513 798 1578 ecclesiae
821 1514 910 1578 dicat
933 1535 1008 1579 cum
1030 1515 1105 1596 Job,
1128 1514 1273 1579 ‘Oculus
1295 1513 1341 1577 fui
1364 1536 1462 1593 caec0,
1485 1512 1557 1579 etc.’

412 1643 476 1709 [lb-l
521 1635 618 1712 Item,
644 1635 723 1716 quia
755 1656 799 1698 ex
830 1634 1013 1699 fundatoris
1042 1635 1214 1699 voluntate
1245 1635 1468 1700 ministrarent
1499 1636 1682 1700 necessaria
1720 1688 1724 1697 .

325 1755 471 1820 subsidia
501 1754 735 1837 indigentibus,
765 1764 924 1837 tanquam
955 1756 1199 1837 dispensatores
1232 1756 1395 1819 bonomm
1426 1757 1680 1820 mundanorum.

326 1876 424 1954 Item,
453 1885 531 1940 sunt
562 1873 780 1938 elemosinarii
811 1877 1094 1957 parochianorum,
1125 1887 1158 1940 et
1187 1897 1321 1939 suorum
1351 1875 1574 1956 fundatorum,
1605 1879 1682 1959 quia

325 2017 392 2060 non
416 1996 602 2059 habuerunt
625 1996 689 2059 ista
714 2016 756 2059 ex
774 1995 848 2077 jure
870 1997 1047 2074 communi,
1071 2018 1131 2061 nec
1153 2018 1198 2061 ex
1218 1997 1291 2079 jure
1313 1996 1531 2076 haereditari0,
1553 1999 1612 2061 sed
1637 2018 1681 2061 ex

325 2117 506 2181 donatione
532 2137 656 2193 eorum,
680 2116 735 2197 qui
761 2116 848 2180 bona
871 2116 927 2181 illa
953 2118 1118 2183 dederunt
1140 2117 1205 2182 illis
1230 2118 1264 2181 in
1287 2138 1404 2200 puram
1427 2128 1461 2182 et
1488 2128 1682 2202 perpetuam

325 2237 552 2303 elemosinam.
599 2237 668 2301 Sed
692 2236 836 2302 Sanctus
860 2238 960 2317 Beda,
984 2239 1017 2303 in
1039 2237 1192 2322 Epistola
1214 2238 1259 2302 ad
1283 2239 1469 2321 Egbertum
1490 2240 1682 2322 episcopum

324 2359 484 2437 hortatur,
509 2368 547 2422 ut
574 2378 635 2422 rex
661 2377 721 2439 per
746 2359 939 2423 instantiam
963 2359 1109 2442 episcopi
1137 2359 1186 2422 sui
1209 2359 1329 2436 videat,
1352 2359 1441 2440 quod
1469 2360 1597 2424 dotatio
1623 2360 1683 2423 do·

325 2500 457 2543 morum
481 2478 708 2562 religiosarum
735 2480 778 2543 sit
808 2480 854 2543 ita
882 2490 1081 2556 mensurata,
1109 2480 1199 2562 quod
1224 2479 1387 2544 sufficiant
1413 2489 1509 2543 terrae
1532 2489 1566 2544 et
1590 2490 1683 2544 tene·

327 2608 441 2665 menta
470 2619 530 2684 pro
563 2599 723 2664 militibus
756 2610 789 2663 et
820 2600 894 2664 aliis
923 2600 1124 2665 secularibus
1158 2600 1214 2681 qui
1247 2607 1351 2664 terras
1384 2598 1615 2675 inhabitarent,
1649 2609 1683 2665 et

324 2721 383 2805 qui
409 2741 548 2804 regnum
574 2721 617 2785 ad
648 2720 788 2784 inimicis
815 2721 1042 2786 defenderent.
1097 2719 1165 2784 Sed
1195 2729 1275 2785 tunc
1295 2721 1434 2783 ‘domus
1462 2720 1620 2784 orationis
1649 2721 1683 2785 in

326 2841 484 2925 spelunco
507 2841 672 2906 latronum
695 2841 850 2920 vertitur,'
872 2863 975 2925 quum
999 2841 1065 2906 vile
1086 2839 1267 2924 palliolum,
1295 2841 1355 2904 ie.
1381 2839 1524 2922 religiosi
1547 2841 1579 2904 in
1603 2843 1683 2905 sim·

326 2962 402 3046 plici
425 2962 551 3037 habitu,
575 2963 747 3044 possident
770 2983 884 3045 regum
907 2984 998 3045 opes.

414 3083 481 3167 Qui
504 3084 592 3147 enim
616 3083 786 3147 licenciam
809 3082 910 3148 habet
933 3104 990 3148 seu
1014 3083 1299 3167 dispensacionem
1320 3083 1456 3159 videret,
1473 3102 1514 3146 ne
1537 3082 1683 3147 licenciae

327 3225 396 3268 suae
417 3225 496 3268 usus
515 3204 567 3268 vel
588 3205 710 3268 abusus
728 3205 771 3269 sit
789 3204 883 3268 laesio
899 3204 952 3267 vel
972 3225 1071 3269 causa
1091 3204 1194 3268 ruinae
1215 3203 1248 3266 in
1267 3211 1444 3285 peccatum
1465 3202 1528 3266 sibi
1551 3204 1614 3285 ipsi
1628 3203 1682 3267 vel

326 3325 409 3402 aliis,
433 3325 519 3391 sicut
548 3324 710 3388 habentes
742 3325 911 3389 licentiam
942 3345 1008 3389 non
1039 3324 1202 3388 residendi
1232 3326 1266 3387 in
1296 3324 1381 3388 curis
1408 3325 1475 3386 suis
1506 3331 1540 3387 et
1568 3323 1683 3389 officiis

325 3453 447 3510 vacant
468 3445 594 3511 deliciis
617 3444 684 3508 suis
707 3446 741 3507 in
764 3466 880 3528 regum
904 3445 1058 3509 domibus
1082 3454 1116 3509 et
1138 3444 1348 3508 dominorum
1373 3444 1624 3521 mundanorum,
1649 3452 1684 3508 et

325 3566 506 3631 honoribus
534 3566 710 3631 mundanis
732 3575 871 3642 tument,
895 3576 930 3632 et
952 3567 1014 3630 sibi
1044 3576 1240 3630 coacervant
1263 3564 1427 3643 ecclesias,
1450 3575 1484 3629 et
1511 3564 1626 3642 officia,
1649 3573 1684 3629 et

325 3686 485 3752 anhelant
506 3688 550 3752 ad
571 3696 605 3752 et
627 3687 847 3770 episcopatus,
870 3697 903 3752 et
925 3688 969 3751 ad
992 3686 1111 3751 altiora
1133 3705 1235 3769 quam
1258 3684 1393 3763 habent,
1412 3692 1447 3748 et
1470 3683 1685 3748 consimiliter

326 3807 488 3873 habentes
514 3808 669 3873 ecclesias
691 3808 921 3891 appropriatas
943 3829 988 3872 ex
1012 3807 1146 3872 licentia
1171 3804 1395 3887 multiplicant
1417 3804 1479 3867 sibi
1503 3804 1598 3886 plura
1619 3804 1684 3869 fer·

326 3928 410 4008 cula,
425 3938 460 3994 et
479 3938 615 3994 omatus
637 3928 829 4012 superfluos,
854 3938 888 3993 et
910 3927 1059 3993 convivia
1081 3927 1299 4004 dominorum,
1320 3933 1354 4017 et
1381 3923 1469 3987 dona
1492 3923 1627 4003 eisdem,
1649 3935 1684 3991 et

327 4049 493 4132 parochiae
519 4049 731 4114 ecclesiarum
759 4049 805 4114 eis
830 4049 1117 4132 approprietarum
1141 4053 1289 4131 pereunt,
1312 4054 1346 4109 et
1370 4054 1465 4109 tanta
1487 4046 1684 4128 expendunt

327 4169 361 4234 in
381 4169 484 4248 vanis,
500 4169 578 4254 quia
602 4190 669 4234 non
690 4178 829 4254 possunt
848 4170 1049 4235 sufficienter
1070 4169 1226 4252 perficere
1247 4187 1382 4249 eaquae
1402 4165 1557 4246 lacerent,
1572 4176 1607 4232 et
1627 4168 1684 4232 illa

326 4311 403 4374 quae
430 4291 477 4356 sic
503 4292 701 4376 expendunt
722 4292 819 4376 plura
842 4292 931 4358 bona
955 4290 1025 4357 fieri
1049 4299 1196 4374 possunt,
1219 4310 1294 4372 quae
1317 4287 1389 4370 jam
1413 4298 1561 4371 pereunt.
