<?xml version="1.0" encoding="UTF-8"?>
<!DOCTYPE html PUBLIC "-//W3C//DTD XHTML 1.0 Transitional//EN"
    "http://www.w3.org/TR/xhtml1/DTD/xhtml1-transitional.dtd">
<html xmlns="http://www.w3.org/1999/xhtml" xml:lang="en" lang="en">
 <head>
  <title>
</title>
<meta http-equiv="Content-Type" content="text/html;charset=utf-8" />
  <meta name='ocr-system' content='tesseract 3.04.00' />
  <meta name='ocr-capabilities' content='ocr_page ocr_carea ocr_par ocr_line ocrx_word'/>
</head>
<body>
  <div class='ocr_page' id='page_1' title='image "./locielibroverit00gascgoog/locielibroverit00gascgoog_0125.png"; bbox 0 0 3818 4904; ppageno 0'>
   <div class='ocr_carea' id='block_1_1' title="bbox 281 417 1254 493">
    <p class='ocr_par' dir='ltr' id='par_1_1' title="bbox 281 417 1254 493">
     <span class='ocr_line' id='line_1_1' title="bbox 281 417 1254 493; baseline -0.007 -14"><span class='ocrx_word' id='word_1_1' title='bbox 281 435 323 493; x_wconf 85' lang='lat'>24</span> <span class='ocrx_word' id='word_1_2' title='bbox 658 421 755 476; x_wconf 85' lang='lat' dir='ltr'>LOCl</span> <span class='ocrx_word' id='word_1_3' title='bbox 779 420 808 473; x_wconf 88' lang='lat' dir='ltr'><em>E</em></span> <span class='ocrx_word' id='word_1_4' title='bbox 838 418 961 473; x_wconf 87' lang='lat' dir='ltr'><em>LIBRO</em></span> <span class='ocrx_word' id='word_1_5' title='bbox 997 417 1254 472; x_wconf 85' lang='lat' dir='ltr'><em>VERITATUM.</em></span> 
     </span>
    </p>
   </div>
   <div class='ocr_carea' id='block_1_2' title="bbox 278 629 1634 3845">
    <p class='ocr_par' dir='ltr' id='par_1_2' title="bbox 278 629 1634 3118">
     <span class='ocr_line' id='line_1_2' title="bbox 282 629 1632 717; baseline -0.007 -16"><span class='ocrx_word' id='word_1_6' title='bbox 282 636 418 701; x_wconf 87' lang='lat' dir='ltr'>Domini</span> <span class='ocrx_word' id='word_1_7' title='bbox 443 657 540 717; x_wconf 88' lang='lat' dir='ltr'>super</span> <span class='ocrx_word' id='word_1_8' title='bbox 558 633 712 696; x_wconf 90' lang='lat' dir='ltr'>humeros</span> <span class='ocrx_word' id='word_1_9' title='bbox 735 633 884 714; x_wconf 90' lang='lat' dir='ltr'>proprios</span> <span class='ocrx_word' id='word_1_10' title='bbox 905 632 964 693; x_wconf 87' lang='lat' dir='ltr'>sed</span> <span class='ocrx_word' id='word_1_11' title='bbox 985 652 1083 712; x_wconf 92' lang='lat' dir='ltr'>super</span> <span class='ocrx_word' id='word_1_12' title='bbox 1101 629 1255 693; x_wconf 88' lang='lat' dir='ltr'>humeros</span> <span class='ocrx_word' id='word_1_13' title='bbox 1274 630 1411 693; x_wconf 93' lang='lat' dir='ltr'>aliorum</span> <span class='ocrx_word' id='word_1_14' title='bbox 1431 630 1632 706; x_wconf 90' lang='lat' dir='ltr'>animalium,</span> 
     </span>
     <span class='ocr_line' id='line_1_3' title="bbox 279 750 1632 834; baseline -0.004 -14"><span class='ocrx_word' id='word_1_15' title='bbox 279 769 317 821; x_wconf 91' lang='lat' dir='ltr'>ut</span> <span class='ocrx_word' id='word_1_16' title='bbox 340 766 434 821; x_wconf 90' lang='lat' dir='ltr'>notat</span> <span class='ocrx_word' id='word_1_17' title='bbox 459 755 603 819; x_wconf 90' lang='lat' dir='ltr'>Sanctus</span> <span class='ocrx_word' id='word_1_18' title='bbox 625 753 812 834; x_wconf 89' lang='lat' dir='ltr'>Jeronimus</span> <span class='ocrx_word' id='word_1_19' title='bbox 837 771 935 832; x_wconf 94' lang='lat' dir='ltr'>super</span> <span class='ocrx_word' id='word_1_20' title='bbox 957 750 1058 812; x_wconf 91' lang='lat' dir='ltr'>libros</span> <span class='ocrx_word' id='word_1_21' title='bbox 1086 751 1217 831; x_wconf 87' lang='lat' dir='ltr'>Regum</span> <span class='ocrx_word' id='word_1_22' title='bbox 1246 751 1277 812; x_wconf 91' lang='lat' dir='ltr'>in</span> <span class='ocrx_word' id='word_1_23' title='bbox 1305 750 1532 832; x_wconf 86' lang='lat' dir='ltr'>questionibus</span> <span class='ocrx_word' id='word_1_24' title='bbox 1561 751 1632 814; x_wconf 90' lang='lat' dir='ltr'>He·</span> 
     </span>
     <span class='ocr_line' id='line_1_4' title="bbox 279 870 1632 953; baseline -0.005 -13"><span class='ocrx_word' id='word_1_25' title='bbox 279 877 407 940; x_wconf 91' lang='lat' dir='ltr'>braicis.</span> <span class='ocrx_word' id='word_1_26' title='bbox 454 875 567 938; x_wconf 92' lang='lat' dir='ltr'>Plures</span> <span class='ocrx_word' id='word_1_27' title='bbox 590 874 677 936; x_wconf 90' lang='lat' dir='ltr'>enim</span> <span class='ocrx_word' id='word_1_28' title='bbox 701 871 845 935; x_wconf 80' lang='lat' dir='ltr'>refutant</span> <span class='ocrx_word' id='word_1_29' title='bbox 868 870 1056 953; x_wconf 85' lang='lat' dir='ltr'>praedicare,</span> <span class='ocrx_word' id='word_1_30' title='bbox 1075 871 1152 952; x_wconf 92' lang='lat' dir='ltr'>quia</span> <span class='ocrx_word' id='word_1_31' title='bbox 1175 871 1308 934; x_wconf 88' lang='lat' dir='ltr'>difficile</span> <span class='ocrx_word' id='word_1_32' title='bbox 1330 881 1381 934; x_wconf 91' lang='lat' dir='ltr'>est</span> <span class='ocrx_word' id='word_1_33' title='bbox 1404 872 1566 953; x_wconf 84' lang='lat' dir='ltr'>attingere</span> <span class='ocrx_word' id='word_1_34' title='bbox 1588 871 1632 933; x_wconf 87' lang='lat' dir='ltr'>ad</span> 
     </span>
     <span class='ocr_line' id='line_1_5' title="bbox 281 990 1634 1073; baseline -0.004 -14"><span class='ocrx_word' id='word_1_35' title='bbox 281 998 417 1061; x_wconf 94' lang='lat' dir='ltr'>modum</span> <span class='ocrx_word' id='word_1_36' title='bbox 434 1006 468 1059; x_wconf 92' lang='lat' dir='ltr'>et</span> <span class='ocrx_word' id='word_1_37' title='bbox 482 996 525 1057; x_wconf 93' lang='lat' dir='ltr'>ad</span> <span class='ocrx_word' id='word_1_38' title='bbox 541 994 680 1057; x_wconf 87' lang='lat' dir='ltr'>sormam</span> <span class='ocrx_word' id='word_1_39' title='bbox 698 992 853 1054; x_wconf 88' lang='lat' dir='ltr'>usitatam</span> <span class='ocrx_word' id='word_1_40' title='bbox 869 1011 928 1071; x_wconf 93' lang='lat' dir='ltr'>per</span> <span class='ocrx_word' id='word_1_41' title='bbox 943 990 1117 1052; x_wconf 89' lang='lat' dir='ltr'>modernos</span> <span class='ocrx_word' id='word_1_42' title='bbox 1133 991 1372 1071; x_wconf 86' lang='lat' dir='ltr'>praedicatores‚</span> <span class='ocrx_word' id='word_1_43' title='bbox 1384 1012 1524 1073; x_wconf 92' lang='lat' dir='ltr'>quorum</span> <span class='ocrx_word' id='word_1_44' title='bbox 1541 990 1634 1053; x_wconf 92' lang='lat' dir='ltr'>labor</span> 
     </span>
     <span class='ocr_line' id='line_1_6' title="bbox 281 1109 1634 1198; baseline -0.005 -18"><span class='ocrx_word' id='word_1_45' title='bbox 281 1116 386 1198; x_wconf 92' lang='lat' dir='ltr'>major</span> <span class='ocrx_word' id='word_1_46' title='bbox 404 1127 454 1178; x_wconf 91' lang='lat' dir='ltr'>est</span> <span class='ocrx_word' id='word_1_47' title='bbox 475 1114 560 1178; x_wconf 90' lang='lat' dir='ltr'>circa</span> <span class='ocrx_word' id='word_1_48' title='bbox 580 1111 720 1175; x_wconf 85' lang='lat' dir='ltr'>formam</span> <span class='ocrx_word' id='word_1_49' title='bbox 742 1120 775 1172; x_wconf 87' lang='lat' dir='ltr'>et</span> <span class='ocrx_word' id='word_1_50' title='bbox 794 1112 930 1173; x_wconf 93' lang='lat' dir='ltr'>modum</span> <span class='ocrx_word' id='word_1_51' title='bbox 950 1109 1146 1172; x_wconf 90' lang='lat' dir='ltr'>divisionum</span> <span class='ocrx_word' id='word_1_52' title='bbox 1171 1120 1204 1173; x_wconf 89' lang='lat' dir='ltr'>et</span> <span class='ocrx_word' id='word_1_53' title='bbox 1226 1111 1480 1175; x_wconf 90' lang='lat' dir='ltr'>concordancias</span> <span class='ocrx_word' id='word_1_54' title='bbox 1502 1110 1634 1174; x_wconf 87' lang='lat' dir='ltr'>vocales</span> 
     </span>
     <span class='ocr_line' id='line_1_7' title="bbox 279 1230 1633 1316; baseline -0.006 -16"><span class='ocrx_word' id='word_1_55' title='bbox 279 1246 435 1300; x_wconf 83' lang='lat' dir='ltr'>textuum</span> <span class='ocrx_word' id='word_1_56' title='bbox 466 1254 567 1316; x_wconf 90' lang='lat' dir='ltr'>quam</span> <span class='ocrx_word' id='word_1_57' title='bbox 594 1233 678 1295; x_wconf 86' lang='lat' dir='ltr'>circa</span> <span class='ocrx_word' id='word_1_58' title='bbox 705 1230 965 1293; x_wconf 91' lang='lat' dir='ltr'>declaracionem</span> <span class='ocrx_word' id='word_1_59' title='bbox 991 1250 1097 1292; x_wconf 92' lang='lat' dir='ltr'>rerum</span> <span class='ocrx_word' id='word_1_60' title='bbox 1122 1230 1262 1293; x_wconf 90' lang='lat' dir='ltr'>utilium.</span> <span class='ocrx_word' id='word_1_61' title='bbox 1319 1230 1434 1295; x_wconf 86' lang='lat' dir='ltr'>Sancti</span> <span class='ocrx_word' id='word_1_62' title='bbox 1461 1232 1548 1294; x_wconf 89' lang='lat' dir='ltr'>enim</span> <span class='ocrx_word' id='word_1_63' title='bbox 1574 1231 1633 1293; x_wconf 92' lang='lat' dir='ltr'>viri</span> 
     </span>
     <span class='ocr_line' id='line_1_8' title="bbox 280 1348 1633 1434; baseline -0.005 -15"><span class='ocrx_word' id='word_1_64' title='bbox 280 1366 313 1419; x_wconf 92' lang='lat' dir='ltr'>et</span> <span class='ocrx_word' id='word_1_65' title='bbox 334 1357 494 1431; x_wconf 90' lang='lat' dir='ltr'>doctores,</span> <span class='ocrx_word' id='word_1_66' title='bbox 517 1353 713 1434; x_wconf 89' lang='lat' dir='ltr'>Jeronimus‚</span> <span class='ocrx_word' id='word_1_67' title='bbox 733 1349 949 1431; x_wconf 69' lang='lat' dir='ltr'>Augustinus</span> <span class='ocrx_word' id='word_1_68' title='bbox 968 1359 1001 1413; x_wconf 90' lang='lat' dir='ltr'>et</span> <span class='ocrx_word' id='word_1_69' title='bbox 1026 1348 1256 1428; x_wconf 88' lang='lat' dir='ltr'>Crisostomus,</span> <span class='ocrx_word' id='word_1_70' title='bbox 1280 1349 1431 1414; x_wconf 89' lang='lat' dir='ltr'>solebant</span> <span class='ocrx_word' id='word_1_71' title='bbox 1455 1351 1633 1432; x_wconf 88' lang='lat' dir='ltr'>praedicare</span> 
     </span>
     <span class='ocr_line' id='line_1_9' title="bbox 280 1469 1634 1556; baseline -0.004 -17"><span class='ocrx_word' id='word_1_72' title='bbox 280 1487 315 1540; x_wconf 91' lang='lat' dir='ltr'>et</span> <span class='ocrx_word' id='word_1_73' title='bbox 337 1476 445 1539; x_wconf 86' lang='lat' dir='ltr'>dicere</span> <span class='ocrx_word' id='word_1_74' title='bbox 465 1473 597 1556; x_wconf 84' lang='lat' dir='ltr'>populu,</span> <span class='ocrx_word' id='word_1_75' title='bbox 613 1472 702 1535; x_wconf 90' lang='lat' dir='ltr'>‘Res</span> <span class='ocrx_word' id='word_1_76' title='bbox 720 1470 872 1533; x_wconf 90' lang='lat' dir='ltr'>volumus</span> <span class='ocrx_word' id='word_1_77' title='bbox 888 1469 1014 1533; x_wconf 89' lang='lat' dir='ltr'>laudari</span> <span class='ocrx_word' id='word_1_78' title='bbox 1031 1470 1144 1550; x_wconf 91' lang='lat' dir='ltr'>pocius</span> <span class='ocrx_word' id='word_1_79' title='bbox 1163 1491 1264 1551; x_wconf 88' lang='lat' dir='ltr'>quam</span> <span class='ocrx_word' id='word_1_80' title='bbox 1279 1471 1387 1546; x_wconf 89' lang='lat' dir='ltr'>verba,</span> <span class='ocrx_word' id='word_1_81' title='bbox 1404 1483 1438 1535; x_wconf 90' lang='lat' dir='ltr'>et</span> <span class='ocrx_word' id='word_1_82' title='bbox 1458 1493 1533 1553; x_wconf 84' lang='lat' dir='ltr'>quae</span> <span class='ocrx_word' id='word_1_83' title='bbox 1556 1491 1634 1534; x_wconf 92' lang='lat' dir='ltr'>con-</span> 
     </span>
     <span class='ocr_line' id='line_1_10' title="bbox 280 1589 1633 1670; baseline -0.004 -12"><span class='ocrx_word' id='word_1_84' title='bbox 280 1606 418 1659; x_wconf 87' lang='lat' dir='ltr'>cernunt</span> <span class='ocrx_word' id='word_1_85' title='bbox 450 1593 604 1656; x_wconf 90' lang='lat' dir='ltr'>materias</span> <span class='ocrx_word' id='word_1_86' title='bbox 634 1601 807 1654; x_wconf 87' lang='lat' dir='ltr'>contentas</span> <span class='ocrx_word' id='word_1_87' title='bbox 838 1591 870 1651; x_wconf 91' lang='lat' dir='ltr'>in</span> <span class='ocrx_word' id='word_1_88' title='bbox 902 1589 1073 1670; x_wconf 83' lang='lat' dir='ltr'>evangelio</span> <span class='ocrx_word' id='word_1_89' title='bbox 1103 1590 1271 1668; x_wconf 89' lang='lat' dir='ltr'>hodierno,</span> <span class='ocrx_word' id='word_1_90' title='bbox 1298 1590 1459 1669; x_wconf 91' lang='lat' dir='ltr'>volumus,</span> <span class='ocrx_word' id='word_1_91' title='bbox 1487 1592 1633 1654; x_wconf 93' lang='lat' dir='ltr'>Domino</span> 
     </span>
     <span class='ocr_line' id='line_1_11' title="bbox 280 1708 1633 1797; baseline -0.004 -19"><span class='ocrx_word' id='word_1_92' title='bbox 280 1723 486 1797; x_wconf 88' lang='lat' dir='ltr'>cooperante,</span> <span class='ocrx_word' id='word_1_93' title='bbox 506 1711 687 1793; x_wconf 89' lang='lat' dir='ltr'>explanare</span> <span class='ocrx_word' id='word_1_94' title='bbox 710 1710 823 1773; x_wconf 89' lang='lat' dir='ltr'>vobis:</span> <span class='ocrx_word' id='word_1_95' title='bbox 852 1708 1044 1791; x_wconf 89' lang='lat' dir='ltr'>exemplum</span> <span class='ocrx_word' id='word_1_96' title='bbox 1069 1710 1229 1793; x_wconf 87' lang='lat' dir='ltr'>evangelii</span> <span class='ocrx_word' id='word_1_97' title='bbox 1253 1710 1328 1774; x_wconf 92' lang='lat' dir='ltr'>lecti</span> <span class='ocrx_word' id='word_1_98' title='bbox 1353 1712 1384 1773; x_wconf 90' lang='lat' dir='ltr'>in</span> <span class='ocrx_word' id='word_1_99' title='bbox 1408 1711 1462 1774; x_wconf 90' lang='lat' dir='ltr'>die</span> <span class='ocrx_word' id='word_1_100' title='bbox 1484 1712 1633 1774; x_wconf 90' lang='lat' dir='ltr'>omnium</span> 
     </span>
     <span class='ocr_line' id='line_1_12' title="bbox 280 1827 1633 1913; baseline -0.001 -17"><span class='ocrx_word' id='word_1_101' title='bbox 280 1844 477 1911; x_wconf 89' lang='lat' dir='ltr'>sanctorum,</span> <span class='ocrx_word' id='word_1_102' title='bbox 493 1832 547 1894; x_wconf 93' lang='lat' dir='ltr'>ubi</span> <span class='ocrx_word' id='word_1_103' title='bbox 573 1831 661 1895; x_wconf 88' lang='lat' dir='ltr'>Xtus</span> <span class='ocrx_word' id='word_1_104' title='bbox 685 1830 781 1906; x_wconf 87' lang='lat' dir='ltr'>dixit,</span> <span class='ocrx_word' id='word_1_105' title='bbox 804 1829 925 1891; x_wconf 86' lang='lat' dir='ltr'>“Beati</span> <span class='ocrx_word' id='word_1_106' title='bbox 950 1849 1111 1911; x_wconf 88' lang='lat' dir='ltr'>pauperes</span> <span class='ocrx_word' id='word_1_107' title='bbox 1135 1831 1286 1912; x_wconf 86' lang='lat' dir='ltr'>spiritum</span> <span class='ocrx_word' id='word_1_108' title='bbox 1311 1827 1409 1894; x_wconf 89' lang='lat' dir='ltr'>etc.”&#39;</span> <span class='ocrx_word' id='word_1_109' title='bbox 1429 1831 1488 1894; x_wconf 57' lang='lat' dir='ltr'>Mi.</span> <span class='ocrx_word' id='word_1_110' title='bbox 1506 1833 1633 1913; x_wconf 90' lang='lat' dir='ltr'>quinto.</span> 
     </span>
     <span class='ocr_line' id='line_1_13' title="bbox 280 1948 1633 2033; baseline -0.002 -16"><span class='ocrx_word' id='word_1_111' title='bbox 280 1953 467 2017; x_wconf 91' lang='lat' dir='ltr'>Dicendum</span> <span class='ocrx_word' id='word_1_112' title='bbox 499 1961 548 2014; x_wconf 93' lang='lat' dir='ltr'>est</span> <span class='ocrx_word' id='word_1_113' title='bbox 579 1971 657 2033; x_wconf 89' lang='lat' dir='ltr'>ergo</span> <span class='ocrx_word' id='word_1_114' title='bbox 688 1959 720 2013; x_wconf 92' lang='lat' dir='ltr'>et</span> <span class='ocrx_word' id='word_1_115' title='bbox 756 1948 1003 2030; x_wconf 88' lang='lat' dir='ltr'>explanandum</span> <span class='ocrx_word' id='word_1_116' title='bbox 1040 1952 1082 2013; x_wconf 92' lang='lat' dir='ltr'>de</span> <span class='ocrx_word' id='word_1_117' title='bbox 1110 1951 1288 2014; x_wconf 88' lang='lat' dir='ltr'>virtutibus</span> <span class='ocrx_word' id='word_1_118' title='bbox 1319 1952 1483 2015; x_wconf 90' lang='lat' dir='ltr'>contentis</span> <span class='ocrx_word' id='word_1_119' title='bbox 1513 1953 1545 2014; x_wconf 91' lang='lat' dir='ltr'>in</span> <span class='ocrx_word' id='word_1_120' title='bbox 1577 1951 1633 2014; x_wconf 91' lang='lat' dir='ltr'>illo</span> 
     </span>
     <span class='ocr_line' id='line_1_14' title="bbox 280 2068 1633 2157; baseline -0.001 -20"><span class='ocrx_word' id='word_1_121' title='bbox 280 2073 458 2157; x_wconf 87' lang='lat' dir='ltr'>evangelio,</span> <span class='ocrx_word' id='word_1_122' title='bbox 481 2093 525 2134; x_wconf 91' lang='lat' dir='ltr'>sc.</span> <span class='ocrx_word' id='word_1_123' title='bbox 548 2072 590 2133; x_wconf 93' lang='lat' dir='ltr'>de</span> <span class='ocrx_word' id='word_1_124' title='bbox 612 2069 799 2133; x_wconf 91' lang='lat' dir='ltr'>humilitate</span> <span class='ocrx_word' id='word_1_125' title='bbox 826 2080 859 2132; x_wconf 90' lang='lat' dir='ltr'>et</span> <span class='ocrx_word' id='word_1_126' title='bbox 882 2068 924 2131; x_wconf 91' lang='lat' dir='ltr'>de</span> <span class='ocrx_word' id='word_1_127' title='bbox 949 2069 1012 2132; x_wconf 90' lang='lat' dir='ltr'>illis</span> <span class='ocrx_word' id='word_1_128' title='bbox 1035 2092 1108 2152; x_wconf 87' lang='lat' dir='ltr'>quae</span> <span class='ocrx_word' id='word_1_129' title='bbox 1131 2071 1351 2135; x_wconf 88' lang='lat' dir='ltr'>humilitatem</span> <span class='ocrx_word' id='word_1_130' title='bbox 1375 2082 1574 2136; x_wconf 90' lang='lat' dir='ltr'>concernunt</span> <span class='ocrx_word' id='word_1_131' title='bbox 1599 2083 1633 2136; x_wconf 92' lang='lat' dir='ltr'>et</span> 
     </span>
     <span class='ocr_line' id='line_1_15' title="bbox 280 2188 1633 2274; baseline -0.001 -17"><span class='ocrx_word' id='word_1_132' title='bbox 280 2194 326 2258; x_wconf 90' lang='lat' dir='ltr'>sic</span> <span class='ocrx_word' id='word_1_133' title='bbox 352 2195 394 2257; x_wconf 90' lang='lat' dir='ltr'>de</span> <span class='ocrx_word' id='word_1_134' title='bbox 420 2192 492 2257; x_wconf 89' lang='lat' dir='ltr'>aliis</span> <span class='ocrx_word' id='word_1_135' title='bbox 519 2190 683 2255; x_wconf 91' lang='lat' dir='ltr'>contentis</span> <span class='ocrx_word' id='word_1_136' title='bbox 709 2188 842 2252; x_wconf 91' lang='lat' dir='ltr'>ibidem.</span> <span class='ocrx_word' id='word_1_137' title='bbox 898 2188 1014 2253; x_wconf 90' lang='lat' dir='ltr'>Solent</span> <span class='ocrx_word' id='word_1_138' title='bbox 1038 2192 1126 2252; x_wconf 91' lang='lat' dir='ltr'>enim</span> <span class='ocrx_word' id='word_1_139' title='bbox 1153 2192 1257 2256; x_wconf 92' lang='lat' dir='ltr'>sancti</span> <span class='ocrx_word' id='word_1_140' title='bbox 1280 2193 1339 2254; x_wconf 90' lang='lat' dir='ltr'>viri</span> <span class='ocrx_word' id='word_1_141' title='bbox 1361 2193 1470 2256; x_wconf 91' lang='lat' dir='ltr'>dicere</span> <span class='ocrx_word' id='word_1_142' title='bbox 1493 2194 1526 2255; x_wconf 92' lang='lat' dir='ltr'>in</span> <span class='ocrx_word' id='word_1_143' title='bbox 1549 2213 1633 2274; x_wconf 83' lang='lat' dir='ltr'>prae-</span> 
     </span>
     <span class='ocr_line' id='line_1_16' title="bbox 280 2309 1633 2395; baseline -0.003 -17"><span class='ocrx_word' id='word_1_144' title='bbox 280 2314 364 2378; x_wconf 89' lang='lat' dir='ltr'>senti</span> <span class='ocrx_word' id='word_1_145' title='bbox 381 2333 542 2390; x_wconf 89' lang='lat' dir='ltr'>sermone,</span> <span class='ocrx_word' id='word_1_146' title='bbox 558 2311 719 2374; x_wconf 91' lang='lat' dir='ltr'>‘Intendo</span> <span class='ocrx_word' id='word_1_147' title='bbox 742 2309 832 2392; x_wconf 92' lang='lat' dir='ltr'>loqui</span> <span class='ocrx_word' id='word_1_148' title='bbox 849 2330 907 2391; x_wconf 91' lang='lat' dir='ltr'>per</span> <span class='ocrx_word' id='word_1_149' title='bbox 927 2311 1071 2392; x_wconf 87' lang='lat' dir='ltr'>graciam</span> <span class='ocrx_word' id='word_1_150' title='bbox 1094 2311 1159 2375; x_wconf 91' lang='lat' dir='ltr'>Dei</span> <span class='ocrx_word' id='word_1_151' title='bbox 1179 2312 1222 2374; x_wconf 91' lang='lat' dir='ltr'>de</span> <span class='ocrx_word' id='word_1_152' title='bbox 1243 2323 1385 2394; x_wconf 89' lang='lat' dir='ltr'>quatuor</span> <span class='ocrx_word' id='word_1_153' title='bbox 1399 2312 1451 2376; x_wconf 92' lang='lat' dir='ltr'>vel</span> <span class='ocrx_word' id='word_1_154' title='bbox 1475 2314 1517 2376; x_wconf 93' lang='lat' dir='ltr'>de</span> <span class='ocrx_word' id='word_1_155' title='bbox 1539 2314 1633 2395; x_wconf 90' lang='lat' dir='ltr'>quin-</span> 
     </span>
     <span class='ocr_line' id='line_1_17' title="bbox 279 2430 1634 2518; baseline -0.001 -20"><span class='ocrx_word' id='word_1_156' title='bbox 279 2456 345 2518; x_wconf 90' lang='lat' dir='ltr'>que</span> <span class='ocrx_word' id='word_1_157' title='bbox 366 2433 512 2498; x_wconf 89' lang='lat' dir='ltr'>materiis</span> <span class='ocrx_word' id='word_1_158' title='bbox 528 2430 726 2508; x_wconf 90' lang='lat' dir='ltr'>necessariis,</span> <span class='ocrx_word' id='word_1_159' title='bbox 743 2441 779 2494; x_wconf 93' lang='lat' dir='ltr'>ut</span> <span class='ocrx_word' id='word_1_160' title='bbox 800 2430 943 2512; x_wconf 85' lang='lat' dir='ltr'>figantur</span> <span class='ocrx_word' id='word_1_161' title='bbox 959 2431 991 2492; x_wconf 93' lang='lat' dir='ltr'>in</span> <span class='ocrx_word' id='word_1_162' title='bbox 1014 2441 1126 2494; x_wconf 91' lang='lat' dir='ltr'>mente</span> <span class='ocrx_word' id='word_1_163' title='bbox 1142 2431 1314 2495; x_wconf 90' lang='lat' dir='ltr'>hominum</span> <span class='ocrx_word' id='word_1_164' title='bbox 1330 2433 1528 2511; x_wconf 89' lang='lat' dir='ltr'>auditorum,</span> <span class='ocrx_word' id='word_1_165' title='bbox 1544 2442 1634 2514; x_wconf 88' lang='lat' dir='ltr'>puta,</span> 
     </span>
     <span class='ocr_line' id='line_1_18' title="bbox 279 2550 1633 2636; baseline -0.001 -18"><span class='ocrx_word' id='word_1_166' title='bbox 279 2555 322 2618; x_wconf 93' lang='lat' dir='ltr'>de</span> <span class='ocrx_word' id='word_1_167' title='bbox 352 2553 427 2632; x_wconf 87' lang='lat' dir='ltr'>fide,</span> <span class='ocrx_word' id='word_1_168' title='bbox 450 2575 520 2636; x_wconf 90' lang='lat' dir='ltr'>spe,</span> <span class='ocrx_word' id='word_1_169' title='bbox 548 2563 581 2616; x_wconf 90' lang='lat' dir='ltr'>et</span> <span class='ocrx_word' id='word_1_170' title='bbox 611 2552 757 2625; x_wconf 87' lang='lat' dir='ltr'>caritate,</span> <span class='ocrx_word' id='word_1_171' title='bbox 786 2561 819 2614; x_wconf 92' lang='lat' dir='ltr'>et</span> <span class='ocrx_word' id='word_1_172' title='bbox 846 2550 988 2632; x_wconf 88' lang='lat' dir='ltr'>justicia,</span> <span class='ocrx_word' id='word_1_173' title='bbox 1012 2562 1046 2614; x_wconf 88' lang='lat' dir='ltr'>et</span> <span class='ocrx_word' id='word_1_174' title='bbox 1077 2550 1318 2616; x_wconf 61' lang='lat' dir='ltr'>misericordia)</span> <span class='ocrx_word' id='word_1_175' title='bbox 1366 2554 1451 2617; x_wconf 87' lang='lat' dir='ltr'>Item</span> <span class='ocrx_word' id='word_1_176' title='bbox 1483 2554 1633 2618; x_wconf 90' lang='lat' dir='ltr'>solebant</span> 
     </span>
     <span class='ocr_line' id='line_1_19' title="bbox 279 2671 1632 2756; baseline 0 -19"><span class='ocrx_word' id='word_1_177' title='bbox 279 2675 312 2737; x_wconf 91' lang='lat' dir='ltr'>in</span> <span class='ocrx_word' id='word_1_178' title='bbox 329 2695 480 2738; x_wconf 91' lang='lat' dir='ltr'>sermone</span> <span class='ocrx_word' id='word_1_179' title='bbox 495 2695 555 2736; x_wconf 93' lang='lat' dir='ltr'>suo</span> <span class='ocrx_word' id='word_1_180' title='bbox 570 2671 749 2754; x_wconf 88' lang='lat' dir='ltr'>aliquando</span> <span class='ocrx_word' id='word_1_181' title='bbox 765 2671 854 2753; x_wconf 89' lang='lat' dir='ltr'>loqui</span> <span class='ocrx_word' id='word_1_182' title='bbox 870 2672 913 2734; x_wconf 92' lang='lat' dir='ltr'>de</span> <span class='ocrx_word' id='word_1_183' title='bbox 929 2692 994 2734; x_wconf 93' lang='lat' dir='ltr'>una</span> <span class='ocrx_word' id='word_1_184' title='bbox 1018 2672 1155 2736; x_wconf 89' lang='lat' dir='ltr'>materia</span> <span class='ocrx_word' id='word_1_185' title='bbox 1170 2684 1204 2738; x_wconf 92' lang='lat' dir='ltr'>et</span> <span class='ocrx_word' id='word_1_186' title='bbox 1219 2674 1262 2737; x_wconf 92' lang='lat' dir='ltr'>de</span> <span class='ocrx_word' id='word_1_187' title='bbox 1286 2673 1349 2736; x_wconf 91' lang='lat' dir='ltr'>illis</span> <span class='ocrx_word' id='word_1_188' title='bbox 1365 2694 1440 2756; x_wconf 81' lang='lat' dir='ltr'>quae</span> <span class='ocrx_word' id='word_1_189' title='bbox 1461 2675 1632 2738; x_wconf 86' lang='lat' dir='ltr'>materiam</span> 
     </span>
     <span class='ocr_line' id='line_1_20' title="bbox 279 2792 1633 2876; baseline 0.002 -19"><span class='ocrx_word' id='word_1_190' title='bbox 279 2793 369 2857; x_wconf 91' lang='lat' dir='ltr'>illam</span> <span class='ocrx_word' id='word_1_191' title='bbox 400 2793 649 2868; x_wconf 90' lang='lat' dir='ltr'>concernebant,</span> <span class='ocrx_word' id='word_1_192' title='bbox 674 2801 762 2874; x_wconf 91' lang='lat' dir='ltr'>puta,</span> <span class='ocrx_word' id='word_1_193' title='bbox 785 2793 827 2854; x_wconf 91' lang='lat' dir='ltr'>de</span> <span class='ocrx_word' id='word_1_194' title='bbox 856 2792 1087 2870; x_wconf 91' lang='lat' dir='ltr'>misericordia,</span> <span class='ocrx_word' id='word_1_195' title='bbox 1112 2803 1146 2857; x_wconf 86' lang='lat' dir='ltr'>et</span> <span class='ocrx_word' id='word_1_196' title='bbox 1166 2794 1245 2876; x_wconf 93' lang='lat' dir='ltr'>quid</span> <span class='ocrx_word' id='word_1_197' title='bbox 1270 2805 1319 2858; x_wconf 92' lang='lat' dir='ltr'>est</span> <span class='ocrx_word' id='word_1_198' title='bbox 1345 2795 1575 2871; x_wconf 87' lang='lat' dir='ltr'>misericordia,</span> <span class='ocrx_word' id='word_1_199' title='bbox 1599 2805 1633 2860; x_wconf 89' lang='lat' dir='ltr'>et</span> 
     </span>
     <span class='ocr_line' id='line_1_21' title="bbox 278 2911 1633 2997; baseline 0.001 -20"><span class='ocrx_word' id='word_1_200' title='bbox 278 2935 354 2997; x_wconf 82' lang='lat' dir='ltr'>quae</span> <span class='ocrx_word' id='word_1_201' title='bbox 378 2914 518 2996; x_wconf 89' lang='lat' dir='ltr'>pertinet</span> <span class='ocrx_word' id='word_1_202' title='bbox 542 2911 781 2984; x_wconf 83' lang='lat' dir='ltr'>misericordiae,</span> <span class='ocrx_word' id='word_1_203' title='bbox 805 2921 839 2975; x_wconf 93' lang='lat' dir='ltr'>et</span> <span class='ocrx_word' id='word_1_204' title='bbox 862 2913 1031 2993; x_wconf 91' lang='lat' dir='ltr'>quomodo</span> <span class='ocrx_word' id='word_1_205' title='bbox 1054 2923 1120 2977; x_wconf 88' lang='lat' dir='ltr'>stat</span> <span class='ocrx_word' id='word_1_206' title='bbox 1144 2934 1217 2977; x_wconf 91' lang='lat' dir='ltr'>cum</span> <span class='ocrx_word' id='word_1_207' title='bbox 1238 2914 1370 2995; x_wconf 86' lang='lat' dir='ltr'>justicia</span> <span class='ocrx_word' id='word_1_208' title='bbox 1393 2926 1523 2980; x_wconf 90' lang='lat' dir='ltr'>etcum</span> <span class='ocrx_word' id='word_1_209' title='bbox 1542 2916 1633 2997; x_wconf 91' lang='lat' dir='ltr'>justa</span> 
     </span>
     <span class='ocr_line' id='line_1_22' title="bbox 280 3033 609 3118; baseline -0.012 -21"><span class='ocrx_word' id='word_1_210' title='bbox 280 3033 454 3118; x_wconf 88' lang='lat' dir='ltr'>punicioue</span> <span class='ocrx_word' id='word_1_211' title='bbox 473 3033 609 3115; x_wconf 86' lang='lat' dir='ltr'>peccati.</span> 
     </span>
    </p>

    <p class='ocr_par' dir='ltr' id='par_1_3' title="bbox 278 3152 1634 3845">
     <span class='ocr_line' id='line_1_23' title="bbox 366 3152 1634 3239; baseline 0.004 -26"><span class='ocrx_word' id='word_1_212' title='bbox 366 3163 400 3231; x_wconf 77' lang='lat' dir='ltr'>[p.</span> <span class='ocrx_word' id='word_1_213' title='bbox 416 3161 485 3229; x_wconf 73' lang='lat'>335]</span> <span class='ocrx_word' id='word_1_214' title='bbox 520 3152 637 3234; x_wconf 92' lang='lat' dir='ltr'>Nuper</span> <span class='ocrx_word' id='word_1_215' title='bbox 664 3153 750 3214; x_wconf 89' lang='lat' dir='ltr'>enim</span> <span class='ocrx_word' id='word_1_216' title='bbox 782 3172 840 3234; x_wconf 90' lang='lat' dir='ltr'>per</span> <span class='ocrx_word' id='word_1_217' title='bbox 866 3173 967 3216; x_wconf 91' lang='lat' dir='ltr'>unum</span> <span class='ocrx_word' id='word_1_218' title='bbox 995 3154 1186 3237; x_wconf 91' lang='lat' dir='ltr'>episcopum</span> <span class='ocrx_word' id='word_1_219' title='bbox 1213 3177 1307 3218; x_wconf 90' lang='lat' dir='ltr'>amor</span> <span class='ocrx_word' id='word_1_220' title='bbox 1335 3157 1462 3239; x_wconf 90' lang='lat' dir='ltr'>peccati</span> <span class='ocrx_word' id='word_1_221' title='bbox 1493 3157 1634 3220; x_wconf 85' lang='lat' dir='ltr'>nutritur</span> 
     </span>
     <span class='ocr_line' id='line_1_24' title="bbox 279 3271 1634 3359; baseline 0.001 -21"><span class='ocrx_word' id='word_1_222' title='bbox 279 3275 356 3357; x_wconf 88' lang='lat' dir='ltr'>quia</span> <span class='ocrx_word' id='word_1_223' title='bbox 380 3273 568 3357; x_wconf 88' lang='lat' dir='ltr'>parochiani</span> <span class='ocrx_word' id='word_1_224' title='bbox 597 3272 691 3335; x_wconf 92' lang='lat' dir='ltr'>unius</span> <span class='ocrx_word' id='word_1_225' title='bbox 715 3271 860 3335; x_wconf 85' lang='lat' dir='ltr'>ecclesiae</span> <span class='ocrx_word' id='word_1_226' title='bbox 887 3274 1063 3339; x_wconf 90' lang='lat' dir='ltr'>dixerunt:</span> <span class='ocrx_word' id='word_1_227' title='bbox 1098 3276 1215 3340; x_wconf 90' lang='lat' dir='ltr'>‘Nunc</span> <span class='ocrx_word' id='word_1_228' title='bbox 1239 3277 1403 3341; x_wconf 89' lang='lat' dir='ltr'>credimus</span> <span class='ocrx_word' id='word_1_229' title='bbox 1426 3278 1515 3359; x_wconf 92' lang='lat' dir='ltr'>quod</span> <span class='ocrx_word' id='word_1_230' title='bbox 1539 3277 1634 3340; x_wconf 91' lang='lat' dir='ltr'>adul-</span> 
     </span>
     <span class='ocr_line' id='line_1_25' title="bbox 278 3391 1633 3480; baseline 0.001 -21"><span class='ocrx_word' id='word_1_231' title='bbox 278 3394 399 3459; x_wconf 90' lang='lat' dir='ltr'>terium</span> <span class='ocrx_word' id='word_1_232' title='bbox 433 3403 467 3458; x_wconf 90' lang='lat' dir='ltr'>et</span> <span class='ocrx_word' id='word_1_233' title='bbox 498 3392 672 3456; x_wconf 90' lang='lat' dir='ltr'>somicacio</span> <span class='ocrx_word' id='word_1_234' title='bbox 707 3391 835 3454; x_wconf 90' lang='lat' dir='ltr'>nullum</span> <span class='ocrx_word' id='word_1_235' title='bbox 869 3405 918 3457; x_wconf 91' lang='lat' dir='ltr'>est</span> <span class='ocrx_word' id='word_1_236' title='bbox 956 3406 1137 3476; x_wconf 87' lang='lat' dir='ltr'>peccatum,</span> <span class='ocrx_word' id='word_1_237' title='bbox 1168 3397 1246 3479; x_wconf 89' lang='lat' dir='ltr'>quia</span> <span class='ocrx_word' id='word_1_238' title='bbox 1278 3396 1305 3459; x_wconf 89' lang='lat' dir='ltr'>si</span> <span class='ocrx_word' id='word_1_239' title='bbox 1336 3408 1423 3461; x_wconf 89' lang='lat' dir='ltr'>esset</span> <span class='ocrx_word' id='word_1_240' title='bbox 1460 3408 1633 3480; x_wconf 90' lang='lat' dir='ltr'>peccatum</span> 
     </span>
     <span class='ocr_line' id='line_1_26' title="bbox 278 3513 1632 3601; baseline 0 -21"><span class='ocrx_word' id='word_1_241' title='bbox 278 3516 454 3599; x_wconf 86' lang='lat' dir='ltr'>episcopus</span> <span class='ocrx_word' id='word_1_242' title='bbox 485 3522 596 3576; x_wconf 90' lang='lat' dir='ltr'>noster</span> <span class='ocrx_word' id='word_1_243' title='bbox 625 3513 785 3594; x_wconf 86' lang='lat' dir='ltr'>privasset</span> <span class='ocrx_word' id='word_1_244' title='bbox 816 3524 975 3578; x_wconf 92' lang='lat' dir='ltr'>rectorem</span> <span class='ocrx_word' id='word_1_245' title='bbox 1007 3527 1155 3580; x_wconf 91' lang='lat' dir='ltr'>nostrum</span> <span class='ocrx_word' id='word_1_246' title='bbox 1186 3539 1206 3580; x_wconf 89' lang='lat' dir='ltr'>a</span> <span class='ocrx_word' id='word_1_247' title='bbox 1236 3539 1314 3581; x_wconf 90' lang='lat' dir='ltr'>cura</span> <span class='ocrx_word' id='word_1_248' title='bbox 1343 3539 1410 3595; x_wconf 90' lang='lat' dir='ltr'>sua,</span> <span class='ocrx_word' id='word_1_249' title='bbox 1438 3519 1517 3600; x_wconf 86' lang='lat' dir='ltr'>quia</span> <span class='ocrx_word' id='word_1_250' title='bbox 1546 3518 1632 3601; x_wconf 92' lang='lat' dir='ltr'>epis-</span> 
     </span>
     <span class='ocr_line' id='line_1_27' title="bbox 278 3633 1632 3720; baseline 0.001 -20"><span class='ocrx_word' id='word_1_251' title='bbox 278 3657 382 3719; x_wconf 91' lang='lat' dir='ltr'>copus</span> <span class='ocrx_word' id='word_1_252' title='bbox 410 3634 500 3698; x_wconf 90' lang='lat' dir='ltr'>novit</span> <span class='ocrx_word' id='word_1_253' title='bbox 528 3633 617 3715; x_wconf 92' lang='lat' dir='ltr'>quod</span> <span class='ocrx_word' id='word_1_254' title='bbox 648 3643 754 3697; x_wconf 86' lang='lat' dir='ltr'>rector</span> <span class='ocrx_word' id='word_1_255' title='bbox 778 3645 888 3697; x_wconf 89' lang='lat' dir='ltr'>noster</span> <span class='ocrx_word' id='word_1_256' title='bbox 912 3636 1042 3717; x_wconf 90' lang='lat' dir='ltr'>publice</span> <span class='ocrx_word' id='word_1_257' title='bbox 1073 3649 1189 3720; x_wconf 90' lang='lat' dir='ltr'>captus</span> <span class='ocrx_word' id='word_1_258' title='bbox 1220 3647 1270 3701; x_wconf 93' lang='lat' dir='ltr'>est</span> <span class='ocrx_word' id='word_1_259' title='bbox 1301 3639 1334 3701; x_wconf 93' lang='lat' dir='ltr'>in</span> <span class='ocrx_word' id='word_1_260' title='bbox 1364 3637 1527 3702; x_wconf 90' lang='lat' dir='ltr'>adulterio</span> <span class='ocrx_word' id='word_1_261' title='bbox 1557 3660 1632 3702; x_wconf 93' lang='lat' dir='ltr'>cum</span> 
     </span>
     <span class='ocr_line' id='line_1_28' title="bbox 279 3753 1634 3845; baseline 0.001 -25"><span class='ocrx_word' id='word_1_262' title='bbox 279 3756 411 3839; x_wconf 87' lang='lat' dir='ltr'>propria</span> <span class='ocrx_word' id='word_1_263' title='bbox 441 3753 649 3838; x_wconf 89' lang='lat' dir='ltr'>parochiana,</span> <span class='ocrx_word' id='word_1_264' title='bbox 677 3774 780 3817; x_wconf 89' lang='lat' dir='ltr'>uxore</span> <span class='ocrx_word' id='word_1_265' title='bbox 810 3753 944 3819; x_wconf 90' lang='lat' dir='ltr'>alterius</span> <span class='ocrx_word' id='word_1_266' title='bbox 969 3758 1037 3836; x_wconf 87' lang='lat' dir='ltr'>viri,</span> <span class='ocrx_word' id='word_1_267' title='bbox 1065 3768 1098 3822; x_wconf 92' lang='lat' dir='ltr'>et</span> <span class='ocrx_word' id='word_1_268' title='bbox 1128 3769 1240 3823; x_wconf 88' lang='lat' dir='ltr'>tamen</span> <span class='ocrx_word' id='word_1_269' title='bbox 1272 3758 1444 3845; x_wconf 89' lang='lat' dir='ltr'>episcopus</span> <span class='ocrx_word' id='word_1_270' title='bbox 1475 3779 1540 3822; x_wconf 91' lang='lat' dir='ltr'>non</span> <span class='ocrx_word' id='word_1_271' title='bbox 1574 3781 1634 3823; x_wconf 87' lang='lat' dir='ltr'>ex-</span> 
     </span>
    </p>
   </div>
   <div class='ocr_carea' id='block_1_3' title="bbox 279 3871 1634 3963">
    <p class='ocr_par' dir='ltr' id='par_1_4' title="bbox 279 3871 1634 3963">
     <span class='ocr_line' id='line_1_29' title="bbox 279 3871 1634 3963; baseline 0.004 -23"><span class='ocrx_word' id='word_1_272' title='bbox 279 3877 363 3960; x_wconf 86' lang='lat' dir='ltr'>pulit</span> <span class='ocrx_word' id='word_1_273' title='bbox 394 3897 469 3939; x_wconf 89' lang='lat' dir='ltr'>eum</span> <span class='ocrx_word' id='word_1_274' title='bbox 500 3876 544 3939; x_wconf 93' lang='lat' dir='ltr'>ab</span> <span class='ocrx_word' id='word_1_275' title='bbox 575 3873 631 3937; x_wconf 90' lang='lat' dir='ltr'>illa</span> <span class='ocrx_word' id='word_1_276' title='bbox 661 3871 758 3938; x_wconf 89' lang='lat' dir='ltr'>cura.&#39;</span> <span class='ocrx_word' id='word_1_277' title='bbox 804 3876 849 3939; x_wconf 89' lang='lat' dir='ltr'>Et</span> <span class='ocrx_word' id='word_1_278' title='bbox 882 3877 983 3941; x_wconf 91' lang='lat' dir='ltr'>etiam</span> <span class='ocrx_word' id='word_1_279' title='bbox 1014 3877 1150 3942; x_wconf 90' lang='lat' dir='ltr'>Oxonia</span> <span class='ocrx_word' id='word_1_280' title='bbox 1180 3879 1314 3943; x_wconf 90' lang='lat' dir='ltr'>admisit</span> <span class='ocrx_word' id='word_1_281' title='bbox 1344 3901 1419 3942; x_wconf 92' lang='lat' dir='ltr'>eum</span> <span class='ocrx_word' id='word_1_282' title='bbox 1450 3890 1567 3963; x_wconf 87' lang='lat' dir='ltr'>postea</span> <span class='ocrx_word' id='word_1_283' title='bbox 1597 3890 1634 3945; x_wconf 92' lang='lat' dir='ltr'>ut</span> 
     </span>
    </p>
   </div>
   <div class='ocr_carea' id='block_1_4' title="bbox 278 3997 1635 4323">
    <p class='ocr_par' dir='ltr' id='par_1_5' title="bbox 278 3997 1635 4323">
     <span class='ocr_line' id='line_1_30' title="bbox 278 3997 1632 4083; baseline 0.001 -22"><span class='ocrx_word' id='word_1_284' title='bbox 278 4007 364 4062; x_wconf 87' lang='lat' dir='ltr'>esset</span> <span class='ocrx_word' id='word_1_285' title='bbox 387 3997 505 4061; x_wconf 90' lang='lat' dir='ltr'>doctor</span> <span class='ocrx_word' id='word_1_286' title='bbox 526 3997 732 4060; x_wconf 90' lang='lat' dir='ltr'>decretorum</span> <span class='ocrx_word' id='word_1_287' title='bbox 756 4008 789 4059; x_wconf 93' lang='lat' dir='ltr'>et</span> <span class='ocrx_word' id='word_1_288' title='bbox 813 3997 857 4059; x_wconf 90' lang='lat' dir='ltr'>ibi</span> <span class='ocrx_word' id='word_1_289' title='bbox 880 3997 990 4079; x_wconf 90' lang='lat' dir='ltr'>plures</span> <span class='ocrx_word' id='word_1_290' title='bbox 1012 3999 1166 4080; x_wconf 83' lang='lat' dir='ltr'>violavit3</span> <span class='ocrx_word' id='word_1_291' title='bbox 1195 4009 1228 4063; x_wconf 91' lang='lat' dir='ltr'>et</span> <span class='ocrx_word' id='word_1_292' title='bbox 1251 3999 1297 4063; x_wconf 90' lang='lat' dir='ltr'>sic</span> <span class='ocrx_word' id='word_1_293' title='bbox 1321 4022 1365 4063; x_wconf 84' lang='lat' dir='ltr'>ex</span> <span class='ocrx_word' id='word_1_294' title='bbox 1388 4010 1463 4064; x_wconf 90' lang='lat' dir='ltr'>actu</span> <span class='ocrx_word' id='word_1_295' title='bbox 1488 4000 1632 4083; x_wconf 91' lang='lat' dir='ltr'>episcopi</span> 
     </span>
     <span class='ocr_line' id='line_1_31' title="bbox 279 4116 1633 4204; baseline 0.001 -22"><span class='ocrx_word' id='word_1_296' title='bbox 279 4126 381 4182; x_wconf 88' lang='lat' dir='ltr'>etex</span> <span class='ocrx_word' id='word_1_297' title='bbox 408 4128 484 4182; x_wconf 92' lang='lat' dir='ltr'>actu</span> <span class='ocrx_word' id='word_1_298' title='bbox 510 4116 654 4181; x_wconf 83' lang='lat' dir='ltr'>Oxoniae</span> <span class='ocrx_word' id='word_1_299' title='bbox 681 4117 867 4200; x_wconf 90' lang='lat' dir='ltr'>recipientis</span> <span class='ocrx_word' id='word_1_300' title='bbox 892 4119 1001 4183; x_wconf 88' lang='lat' dir='ltr'>bonos·</span> <span class='ocrx_word' id='word_1_301' title='bbox 1025 4131 1058 4184; x_wconf 92' lang='lat' dir='ltr'>et</span> <span class='ocrx_word' id='word_1_302' title='bbox 1086 4119 1190 4184; x_wconf 92' lang='lat' dir='ltr'>malos</span> <span class='ocrx_word' id='word_1_303' title='bbox 1217 4121 1259 4183; x_wconf 87' lang='lat' dir='ltr'>ad</span> <span class='ocrx_word' id='word_1_304' title='bbox 1287 4120 1408 4203; x_wconf 86' lang='lat' dir='ltr'>gradus</span> <span class='ocrx_word' id='word_1_305' title='bbox 1439 4141 1633 4204; x_wconf 87' lang='lat' dir='ltr'>suppremos</span> 
     </span>
     <span class='ocr_line' id='line_1_32' title="bbox 279 4237 1635 4323; baseline -0.002 -16"><span class='ocrx_word' id='word_1_306' title='bbox 279 4237 468 4307; x_wconf 79' lang='lat' dir='ltr'>scolasticos</span> <span class='ocrx_word' id='word_1_307' title='bbox 504 4250 616 4303; x_wconf 87' lang='lat' dir='ltr'>secuta</span> <span class='ocrx_word' id='word_1_308' title='bbox 655 4250 729 4302; x_wconf 89' lang='lat' dir='ltr'>sunt</span> <span class='ocrx_word' id='word_1_309' title='bbox 765 4238 905 4321; x_wconf 90' lang='lat' dir='ltr'>plurima</span> <span class='ocrx_word' id='word_1_310' title='bbox 942 4242 1029 4304; x_wconf 92' lang='lat' dir='ltr'>mala</span> <span class='ocrx_word' id='word_1_311' title='bbox 1062 4250 1096 4304; x_wconf 89' lang='lat' dir='ltr'>et</span> <span class='ocrx_word' id='word_1_312' title='bbox 1129 4241 1267 4304; x_wconf 86' lang='lat' dir='ltr'>audacia</span> <span class='ocrx_word' id='word_1_313' title='bbox 1297 4243 1464 4323; x_wconf 85' lang='lat' dir='ltr'>peccandi.</span> <span class='ocrx_word' id='word_1_314' title='bbox 1520 4241 1635 4304; x_wconf 88' lang='lat' dir='ltr'>Plures</span> 
     </span>
    </p>
   </div>
   <div class='ocr_carea' id='block_1_5' title="bbox 0 0 1914 4904">
    <p class='ocr_par' dir='ltr' id='par_1_6' title="bbox 0 0 1914 4904">
     <span class='ocr_line' id='line_1_33' title="bbox 0 0 1914 4904; baseline 0 0"><span class='ocrx_word' id='word_1_315' title='bbox 0 0 1914 4904; x_wconf 95' lang='lat' dir='ltr'> </span> 
     </span>
    </p>
   </div>
  </div>
 </body>
</html>
