3818 4904
288 420 346 480 44⁴
668 408 766 464 LOCI
791 408 820 462 E
849 408 973 464 LIBRO
1007 409 1265 466 VERITATUM.

291 622 564 688 ecclesia‘Sancti
593 597 727 686 Martini
758 621 790 684 in
814 622 1005 704 Quadrivio,
1033 624 1122 704 quod
1149 623 1266 686 beatus
1292 622 1409 685 doctor
1430 619 1640 702 Augustinus

290 744 481 828 praedicavit
514 761 578 820 400
609 762 776 806 sermones
806 744 848 806 ad
879 742 1002 806 clerum
1029 751 1068 806 et
1101 744 1144 805 ad
1175 742 1345 825 populum,
1374 741 1500 823 absque
1529 741 1640 822 aliquo

289 865 453 930 themate
470 874 504 927 et
533 864 660 944 absque
689 872 803 927 textus
826 864 1055 945 assumpcione
1086 864 1118 925 in
1149 863 1308 944 principio
1336 861 1496 925 sermonis
1522 861 1580 937 sui,
1606 869 1640 923 et

290 987 337 1049 sic
356 1007 418 1069 ego
437 983 613 1066 praedicavi
631 982 685 1045 die
706 994 739 1046 et
763 1002 850 1045 anno
873 983 1037 1065 praedictis
1060 983 1093 1046 in
1118 981 1254 1046 Oxonia
1270 982 1395 1045 nullum
1418 983 1534 1046 thema
1555 981 1640 1044 acci-

290 1105 422 1187 piendo,
446 1124 507 1167 nec
529 1111 661 1166 textum
688 1103 730 1165 ad
758 1104 972 1185 repetendum
996 1101 1048 1165 vel
1075 1104 1117 1166 ad
1147 1102 1409 1166 concludendum
1432 1099 1640 1177 assumend0,

290 1224 349 1288 sed
367 1223 520 1288 materias
535 1223 641 1296 utiles,
662 1231 699 1285 ut
714 1223 846 1299 credidi,
856 1222 980 1304 populo
996 1222 1177 1285 ministravi
1200 1232 1286 1300 tunc,
1302 1232 1335 1286 et
1351 1221 1512 1285 declaravi
1535 1222 1567 1284 in
1583 1221 1641 1284 illo

290 1365 442 1408 sermone
460 1364 533 1406 meo
550 1343 693 1408 Oxoniae
708 1343 833 1424 absque
849 1363 1046 1424 quocunque
1067 1342 1217 1408 themate
1232 1319 1274 1406 vet
1296 1342 1422 1423 absque
1443 1343 1640 1424 repeticione

290 1463 427 1546 alicujus
453 1473 575 1540 textus,
596 1464 654 1527 sed
681 1471 795 1526 textus
819 1463 862 1525 ad
886 1463 1039 1527 materias
1064 1465 1250 1546 propositas
1273 1463 1474 1544 pertinentes
1501 1463 1640 1544 exposui

290 1594 325 1648 et
340 1583 511 1648 declaravi.
550 1583 673 1646 Modus
687 1584 775 1646 enim
791 1583 991 1665 praedicandi
1007 1603 1066 1666 per
1080 1584 1255 1647 divisiones
1271 1593 1304 1646 et
1320 1603 1380 1665 per
1390 1582 1504 1646 thema
1519 1582 1641 1665 incepit

290 1706 376 1769 circa
403 1723 526 1767 annum
551 1703 687 1766 Domini
715 1702 924 1766 millesimum
952 1714 986 1767 et
1011 1702 1079 1767 iere
1104 1704 1375 1780 ducentesimum,
1401 1712 1437 1767 ut
1463 1711 1557 1784 patet
1583 1723 1643 1784 per

291 1835 442 1889 auctores
465 1822 581 1887 talium
604 1843 801 1886 sermonum.

380 1943 585 2026 Reginaldus
616 1942 733 2021 Pecok,
764 1944 820 2025 qui
851 1945 1040 2026 praedicavit
1068 1945 1252 2008 Londoniis
1279 1945 1367 2026 quod
1399 1944 1544 2026 episcopi
1575 1941 1643 2007 non

290 2073 447 2130 tenentur
467 2063 667 2146 praedicare,
699 2073 736 2127 ut
773 2065 836 2128 iste
872 2067 1031 2129 terminus
1068 2067 1247 2148 praedicare
1279 2066 1438 2147 accipitur
1474 2065 1507 2128 in
1544 2086 1642 2128 sensu

292 2185 429 2262 famoso,
444 2192 560 2266 postea
581 2185 677 2261 dixit,
693 2194 730 2248 ut
750 2195 900 2249 asserunt
922 2187 979 2264 sui,
1001 2187 1090 2268 quod
1112 2188 1258 2269 episcopi
1280 2185 1641 2269 tenentur'praedicare,

291 2307 351 2370 sed
385 2326 451 2369 non
482 2305 539 2368 illo
573 2304 674 2369 modo
707 2327 774 2387 quo
806 2307 953 2370 moderni
988 2309 1178 2389 praedicant,
1211 2329 1254 2372 sc.
1278 2310 1440 2372 sumendo
1464 2307 1578 2373 thema
1608 2316 1642 2371 et

290 2427 479 2491 inducendo
493 2427 671 2490 divisiones
687 2427 844 2492 thematis
859 2429 1029 2511 assumpti,
1039 2450 1106 2511 quo
1123 2449 1244 2513 genere
1259 2429 1506 2512 praedicacionis
1521 2431 1643 2493 scimus

291 2549 442 2613 homines
466 2570 531 2612 non
554 2549 701 2632 obligari.
747 2547 809 2612 Ille
831 2549 919 2613 enim
944 2552 1121 2614 modernus
1144 2551 1263 2614 modus
1285 2550 1485 2633 praedicandi
1510 2551 1643 2615 intravit

291 2681 468 2753 postquam
484 2670 615 2734 ordines
631 2670 767 2735 fratrum
788 2671 958 2735 ecclesiam
981 2672 1192 2749 intraverunt,
1208 2672 1266 2735 sed
1288 2672 1467 2754 praedicare
1489 2671 1643 2735 materias

292 2800 480 2874 assumptas
509 2791 718 2870 declarando,
745 2801 778 2855 et
805 2801 937 2856 textum
968 2793 1136 2875 scripturae
1162 2813 1264 2857 sacrae
1285 2794 1465 2856 secundum
1493 2793 1642 2856 ordinem

291 2922 407 2976 textus
437 2911 646 2995 postillando,
673 2934 730 2977 seu
761 2914 969 2996 exponendo,
995 2913 1055 2978 suit
1086 2914 1204 2978 modus
1227 2913 1426 2997 praedicandi
1453 2923 1642 2978 sanctorum

291 3044 433 3116 patrum,
455 3043 491 3099 ut
514 3044 608 3117 patet
630 3034 663 3098 in
686 3035 892 3100 sermonibus
913 3034 1027 3099 Sancti
1050 3034 1239 3117 Augustini,
1263 3045 1297 3099 et
1321 3035 1354 3097 in
1375 3034 1504 3099 omeliis
1527 3033 1642 3100 Sancti

291 3152 473 3235 Augustini
487 3174 585 3238 supra
596 3155 792 3236 Johannem,
809 3156 858 3219 ie.
874 3155 908 3218 in
925 3156 1129 3219 sermonibus
1146 3153 1217 3236 ejus
1232 3154 1274 3219 ad
1291 3155 1459 3238 populum,
1473 3156 1505 3218 in
1522 3156 1643 3237 quibus

292 3276 431 3359 exponit
446 3285 577 3340 textum
591 3276 749 3360 evangelii
761 3276 897 3341 diversis
909 3277 1024 3341 diebus
1035 3276 1120 3355 lecti,
1133 3286 1167 3340 et
1179 3278 1269 3341 idem
1280 3284 1373 3360 patet
1388 3276 1422 3341 in
1437 3276 1643 3340 sermonibus

291 3396 397 3461 sancti
419 3398 563 3462 doctoris
586 3398 754 3462 Bemardi.
800 3398 845 3462 Et
864 3398 979 3463 doctor
998 3398 1185 3462 Willelmus
1205 3397 1404 3482 Milyngton,
1424 3397 1644 3462 Eboracensis

291 3518 439 3598 diocesis,
455 3521 497 3583 de
522 3518 619 3583 Clara
634 3519 725 3584 Aula
742 3519 974 3603 Cantabrigiae,
996 3521 1083 3590 dixit
1105 3529 1227 3603 aperte,
1244 3519 1277 3584 in
1299 3540 1449 3584 sermone
1470 3540 1532 3584 suo
1554 3521 1643 3602 apud

292 3660 420 3705 crucem
450 3638 565 3705 Sancti
596 3641 688 3706 Pauli
715 3641 882 3723 Apostoli,
908 3642 975 3707 cito
1004 3650 1081 3747 ppst
1105 3662 1291 3706 sermonem
1322 3641 1470 3724 praedicti
1497 3640 1643 3724 episcopi

293 3762 490 3846 Reginaldi:
512 3762 605 3827 ‘Sub
631 3784 732 3846 poena
756 3764 873 3847 capitis
900 3765 964 3827 mei
994 3764 1190 3847 manucapio
1220 3764 1309 3846 quod
1343 3782 1481 3845 regnum
1509 3760 1644 3845 Angliae

292 3904 358 3946 non
374 3884 618 3966 prosperabitur
632 3904 805 3966 quousque
820 3884 968 3949 faventes
983 3884 1140 3967 predictae
1158 3884 1358 3948 conclusioni
1380 3883 1524 3966 episcopi
1541 3882 1643 3965 Regi·

293 4004 381 4097 naldi
404 4005 504 4087 digne
527 4001 760 4088 corrigantur3'
781 4014 816 4069 et
837 4005 901 4069 hoc
924 4015 975 4068 est
998 4005 1160 4070 creditum
1184 4025 1204 4068 a
1231 4004 1344 4068 multis
1367 4004 1464 4068 bonis
1485 4003 1644 4087 personis.

291 4124 506 4210 Temporales
520 4126 580 4190 viri
597 4134 630 4190 et
646 4125 770 4190 domini
787 4127 944 4190 dixerunt
958 4127 1002 4190 de
1017 4127 1081 4191 isto
1096 4126 1252 4209 episcopo
1268 4126 1378 4190 Pecok
1394 4151 1401 4190 :
1426 4132 1433 4159 ‘
1449 4126 1536 4200 Heu,
1552 4125 1643 4208 quod

292 4267 352 4311 nos
389 4267 502 4311 sumus
538 4248 675 4332 obligati
706 4268 764 4331 per
794 4249 930 4313 Domini
960 4257 1161 4331 praeceptum
1194 4247 1236 4312 ad
1267 4248 1455 4312 docendum
1484 4245 1644 4311 familiam
