3818 4904
640 417 739 472 LOCI
765 418 794 470 E
823 416 948 471 LIBRO
983 417 1239 473 VERITATUM.
1576 433 1615 498 23

262 630 394 714 propria
424 651 483 693 sua
514 651 662 711 persona,
692 632 776 694 sicut
807 630 934 694 solebat
964 633 1176 712 predecessor
1211 629 1309 695 suus?
1363 633 1410 697 Et
1447 635 1616 716 respondit

262 751 405 815 famulus
429 752 574 834 episcopi
597 752 719 827 dicens
738 752 923 814 ‘Dominus
947 773 1039 815 meus
1060 754 1238 817 modernus
1261 753 1528 837 archiepiscopus
1551 776 1616 819 non

262 871 324 936 suit
349 873 491 936 nutritus
516 873 548 934 in
580 874 699 936 eodem
726 873 826 936 modo
857 873 890 935 in
921 894 988 954 quo
1013 873 1075 937 fuit
1099 875 1241 937 nutritus
1268 896 1345 938 suus
1372 877 1584 958 predecessor
1598 874 1615 954 ;'

261 994 450 1076 significans
480 1015 539 1076 per
568 993 632 1057 hoc
661 995 751 1076 quod
783 994 947 1059 dominus.
972 1015 1050 1056 suus
1081 995 1354 1078 archiepiscopus,
1385 997 1440 1078 qui
1477 996 1538 1061 suit
1572 998 1618 1061 ita

261 1125 440 1179 extraneus
467 1125 501 1178 et
525 1115 699 1197 elongatus
724 1116 791 1178 suis
816 1115 965 1190 subditis,
992 1115 1053 1179 suit
1083 1116 1169 1179 filius
1195 1117 1321 1180 domini
1346 1129 1379 1182 et
1405 1110 1618 1200 predecessor

262 1257 340 1299 suus
370 1237 426 1318 qui
457 1236 518 1300 iuit
547 1236 813 1318 archiepiscopus
849 1245 926 1299 ante
964 1257 1040 1298 eum
1075 1237 1136 1299 suit
1172 1237 1259 1301 tilius
1289 1240 1468 1321 pauperis:
1504 1250 1537 1303 et
1568 1258 1618 1302 re·

262 1358 397 1439 spondit
413 1356 468 1420 ille
483 1377 609 1439 pauper
624 1358 783 1439 praedicto
799 1378 894 1420 servo
910 1356 1155 1440 archiepiscopi,
1169 1362 1176 1389 ‘
1188 1357 1336 1437 Revera‚’
1347 1361 1461 1442 inquit,
1476 1359 1618 1423 ‘archie-

262 1478 417 1560 piscopus
439 1479 615 1541 modernus
637 1488 670 1541 et
691 1479 903 1561 predecessor
917 1499 995 1541 suus
1015 1480 1128 1543 nutriti
1148 1480 1278 1543 suerunt
1297 1482 1330 1542 in
1345 1482 1483 1544 diversis
1499 1482 1617 1554 modis,

262 1598 321 1662 sed
342 1597 515 1661 manifeste
532 1607 624 1679 patet
641 1619 700 1680 per
715 1619 816 1680 opera
836 1599 926 1680 quod
948 1599 1159 1680 predecessor
1173 1600 1235 1665 suit
1257 1600 1372 1664 melior
1385 1602 1434 1664 vir
1457 1611 1490 1664 et
1512 1601 1618 1683 magis

262 1719 351 1784 utilis
368 1719 435 1781 suis
451 1718 592 1781 subditis
608 1728 641 1782 et
657 1739 768 1781 eorum
785 1719 958 1781 animabus
974 1728 1007 1782 et
1022 1721 1085 1783 toti
1101 1717 1244 1783 diocesi.’

350 1849 378 1916 [p
409 1849 479 1915 3341]
519 1839 676 1922 Episcopi
711 1840 836 1903 habent
871 1860 982 1904 curam
1013 1841 1329 1922 superintendenciae
1359 1841 1444 1903 circa
1474 1861 1513 1902 ea
1542 1860 1618 1921 quae

264 1962 430 2024 inferiores
447 1962 549 2024 curati
565 1963 692 2043 operari
708 1981 775 2023 non
796 1970 943 2043 possunt,
960 1971 996 2025 ut
1014 1972 1064 2025 est
1084 1963 1252 2025 ordinacio
1267 1962 1487 2026 sacerdotum.
1532 1961 1618 2024 Item

262 2082 364 2146 habet
385 2102 497 2146 curam
521 2083 748 2145 immediatam
772 2081 1000 2164 parochiarum
1021 2104 1089 2146 suae
1110 2083 1250 2147 diocesis
1271 2083 1405 2165 quando
1431 2092 1542 2164 potest
1563 2102 1618 2144 co-

262 2203 390 2286 operari
418 2213 451 2266 et
476 2186 614 2285 coagere
639 2224 714 2267 cum
739 2202 881 2266 inferiori
909 2215 1030 2281 curat0,
1053 2205 1109 2286 qui
1140 2215 1191 2269 est
1215 2205 1319 2268 eciam
1347 2214 1478 2268 curatus
1502 2204 1619 2265 imme·

263 2326 373 2388 diatus
406 2323 580 2407 parochiae.
638 2323 693 2389 Sic
721 2334 951 2406 cooperatores
980 2324 1049 2389 dati
1086 2336 1163 2388 sunt
1200 2325 1299 2388 Moisi
1330 2334 1366 2387 ut
1396 2333 1619 2386 sustentarent

263 2466 340 2510 cum
354 2466 394 2509 eo
415 2456 449 2509 et
467 2466 533 2509 non
551 2445 659 2509 solum
680 2466 740 2527 pro
758 2466 798 2508 eo
819 2467 901 2508 onus
923 2445 1036 2528 populi
1057 2456 1090 2510 et
1109 2468 1150 2509 ne
1166 2447 1237 2528 ipse
1251 2446 1341 2508 solus
1356 2445 1402 2508 sic
1417 2453 1618 2526 gravaretur.

265 2566 343 2630 Hoc
364 2568 452 2630 enim
473 2587 557 2629 onus
573 2568 652 2630 satis
673 2567 874 2648 compatitur
888 2586 1000 2630 secum
1021 2568 1151 2649 pluries,
1168 2579 1205 2631 ut
1221 2578 1316 2631 vacet
1338 2567 1511 2647 episcopus
1532 2584 1618 2627 curre

264 2686 466 2751 immediatae
491 2696 524 2749 et
551 2707 618 2750 non
645 2688 752 2750 solum
779 2707 891 2750 curam
916 2688 1255 2769 superintendenciae3
1287 2687 1373 2751 hanc
1396 2687 1484 2750 enim
1507 2705 1618 2748 curam

263 2807 579 2890 superintendenciae
609 2816 742 2889 oportet
769 2807 961 2889 episcopum
987 2828 1085 2890 agere
1108 2818 1142 2872 et
1165 2829 1276 2872 curam
1302 2807 1530 2870 immediatam
1553 2788 1618 2867 non

264 2927 417 2993 omittere
429 2929 564 3009 quando
576 2928 671 2990 adest
684 2926 824 2991 facultas
837 2937 870 2991 et
883 2928 1019 3009 requirit
1031 2928 1155 2992 subditi
1168 2929 1345 2991 necessitas
1356 2952 1363 3004 ;
1380 2927 1462 2990 sicut
1477 2925 1620 2989 Sanctus

265 3047 386 3112 Paulus
403 3047 547 3111 visitavit
562 3057 597 3111 et
615 3047 728 3110 docuit
749 3068 805 3110 eos
826 3048 881 3128 qui
903 3047 1089 3111 habuerunt
1111 3059 1241 3111 curatos
1264 3047 1481 3110 immediatos.
1529 3044 1574 3107 Et
1593 3045 1620 3106 si

265 3168 409 3252 episcopi
435 3177 576 3250 possunt
602 3168 648 3230 sic
679 3186 791 3230 curam
818 3188 916 3249 agere
943 3167 1095 3242 facerent,
1123 3169 1201 3249 quia
1231 3188 1315 3230 onus
1342 3166 1483 3230 divisum
1515 3164 1620 3227 lenius

264 3298 415 3372 portatur
438 3288 572 3369 quando
594 3289 819 3370 unusquisque
842 3288 956 3352 debito
978 3288 1078 3351 modo
1099 3289 1231 3370 proprio
1252 3288 1358 3351 officio
1379 3296 1485 3349 vacat.
1533 3268 1620 3347 Cura

264 3410 353 3473 enim
379 3409 696 3490 superintendenciae
721 3419 754 3472 et
782 3428 859 3472 cura
890 3409 1091 3473 immediatae
1121 3390 1341 3473 attendenciae
1372 3390 1620 3488 compaciuntur

265 3530 460 3610 semetipsas
475 3529 508 3590 in
526 3549 591 3591 una
607 3549 748 3609 persona
768 3539 801 3592 et
820 3529 853 3591 in
873 3550 938 3592 uno
954 3528 1097 3604 homine,
1115 3538 1151 3591 ut
1167 3529 1295 3592 dIverso
1311 3537 1460 3609 tempore
1482 3534 1620 3605 uterque

265 3671 352 3714 curae
372 3669 488 3713 vacare
511 3650 625 3731 possit.
673 3649 858 3731 Episcopus
882 3650 970 3712 enim
993 3648 1095 3712 habet
1118 3669 1230 3712 curam
1254 3648 1482 3710 immediatam
1505 3655 1539 3707 et
1562 3665 1621 3725 per

265 3792 303 3834 se
324 3771 432 3853 ipsum
456 3790 567 3833 curam
591 3779 704 3850 ageret
727 3770 938 3851 praedicando
964 3769 1127 3852 parochiis
1150 3790 1218 3831 suae
1241 3769 1399 3844 diocesis3
1430 3767 1500 3846 ipse
1531 3764 1619 3827 enim

265 3912 378 3956 curam
404 3890 490 3953 illius
516 3890 655 3954 diocesis
684 3890 778 3972 gerit,
802 3900 838 3952 ut
862 3911 921 3971 per
944 3911 979 3953 se
1003 3891 1111 3972 ipsum
1138 3898 1217 3971 agat
1240 3909 1314 3969 quae
1338 3885 1521 3950 necessaria
1543 3893 1621 3947 sunt

266 4012 365 4076 saluti
391 4032 461 4106 suae
491 4011 640 4088 diocesis,
662 4011 746 4074 sicut
777 4010 913 4093 Moyses
942 4010 1059 4074 habuit
1086 4031 1258 4092 coope·
1287 4024 1706 4145 ·HE·÷1BOOTE·RW
1736 4061 1793 4125 Of

266 4142 375 4196 tarent
398 4153 490 4210 onus,
513 4151 579 4194 non
603 4152 663 4213 pro
688 4131 805 4209 Moise,
829 4153 870 4194 ne
894 4131 964 4213 ipse
988 4130 1076 4194 solus
1098 4152 1180 4213 grav
1203 4139 1289 4192 retur
1252 4147 1545 4377 (ῌῇῃὲᾫ
1642 4163 1864 4259 OWDE

267 4253 341 4318 Oza
366 4253 453 4316 enim
480 4251 597 4315 Levita
621 4271 795 4333 percussus
822 4252 937 4314 estad
963 4260 1101 4315 mortem
1129 4251 1197 4332 qui·
1229 4269 1249 4311 n
1275 4270 1294 4311 n

1208 4322 1308 4392 Ciris}
1321 4265 1545 4387 ,ΡΝΝΝΟΝ
1654 4283 1906 4366 ΝΑΝΕΝΟΝΞ

1257 4430 1396 4497 ΝΝΞΝ
1421 4417 1635 4492 conum
1656 4402 1884 4479 LONDON.

1221 4546 1305 4608 ΝΟῙ
1328 4543 1375 4603 Τι’]
1388 4539 1442 4601 ΒΕ
1459 4526 1665 4594 ΗιῗΜθνΕί)
1686 4516 1806 4580 FROM
1832 4509 1908 4574 ΤΗΕ

1345 4635 1591 4715 Paeonio
1622 4622 1806 4698 ΝΟΟΓΛ.

1243 4742 1668 4777 ...m-d
