3818 4904
679 433 774 488 LOCI
803 434 833 486 E
862 433 987 488 LIBRO
1022 433 1278 489 VERITATUM.
1628 436 1648 505 5

298 646 331 709 in
353 667 412 710 sua
435 647 568 728 dyocesi
592 656 626 710 et
649 647 810 729 parochiis
834 645 921 708 mala
944 646 1048 728 litigia
1072 644 1331 727 multiplicantur
1354 646 1386 708 in
1406 646 1550 725 eisdem;
1573 648 1648 710 ideo

299 767 337 830 fit
360 788 500 849 magnus
523 787 671 832 recursus
694 769 737 830 ad
760 767 896 831 consilia
920 764 1169 847 multiplicanda
1191 767 1224 828 in
1248 786 1358 846 regno.

386 887 422 952 Si
449 889 523 970 quis
544 887 704 951 fundaret
734 887 910 969 collegium
940 887 974 949 in
1004 894 1219 968 augmentum
1246 886 1403 964 sciencia,
1425 888 1591 965 virtutum,
1615 897 1648 950 et

298 1008 457 1071 doctrinae
484 1028 541 1072 seu
568 1009 698 1071 devotae
721 1006 886 1090 religionis
910 1007 1006 1082 viros,
1028 1006 1140 1069 videat
1163 1007 1253 1087 quod
1277 1007 1322 1069 sic
1349 1006 1500 1070 fundaret
1523 1028 1580 1070 eos
1607 1008 1649 1070 de

299 1128 394 1191 bonis
418 1129 485 1192 suis
508 1130 655 1212 propriis,
679 1149 753 1209 quae
780 1130 826 1191 eis
853 1128 1015 1191 sufficiant
1035 1127 1078 1190 ad
1102 1126 1294 1200 necessaria,
1318 1147 1383 1189 non
1405 1128 1649 1210 appropriando

298 1249 345 1312 eis
368 1248 522 1313 ecclesias
544 1248 756 1331 parochiales

387 1379 420 1445 [p.
437 1377 491 1442 oo]
529 1370 646 1450 Nuper
676 1371 763 1432 enim
799 1388 883 1431 unus
917 1387 1028 1430 comes
1060 1366 1138 1431 lecit
1168 1367 1339 1430 ecclesiam
1374 1369 1416 1431 de
1448 1368 1650 1452 Haghkarth

299 1489 502 1571 appropriari
534 1488 704 1552 monachis
733 1488 817 1551 albis
847 1490 889 1551 de
917 1487 1041 1551 Gervas
1071 1488 1114 1550 ad
1140 1487 1285 1551 valorem
1315 1490 1485 1552 annuatim
1517 1501 1650 1554 centum

300 1609 465 1687 librarum,
481 1619 514 1674 et
538 1608 593 1673 ille
613 1630 723 1673 comes
744 1609 847 1672 habet
868 1608 929 1671 sibi
951 1618 984 1671 et
1005 1606 1180 1671 heredibus
1201 1609 1268 1670 suis
1291 1608 1334 1672 de
1355 1610 1471 1672 eadem
1493 1610 1650 1674 abbathia

302 1739 406 1793 terras
427 1731 470 1794 de
488 1751 601 1794 eorum
618 1729 822 1804 fundatione,
838 1750 912 1811 quae
928 1727 1038 1792 valent
1054 1729 1225 1790 annuatim
1248 1727 1284 1790 xl
1306 1728 1413 1806 libras,
1430 1751 1511 1812 quas
1533 1732 1650 1794 eadem

300 1849 460 1913 abbathia
481 1851 575 1914 dedit
596 1851 708 1914 comiti
731 1860 764 1913 et
785 1849 961 1912 heredibus
980 1848 1048 1910 suis
1064 1869 1124 1929 pro
1140 1848 1196 1911 illa
1215 1850 1485 1930 appropriacione
1504 1851 1651 1915 ecclesiae

300 1970 496 2052 parochialis
518 1972 643 2034 eisdem
665 1969 845 2033 monachis.
891 1968 937 2033 Et
961 1968 1173 2032 consimiliter
1186 1967 1310 2033 habent
1331 1971 1482 2034 monachi
1502 1970 1650 2035 Eborum

301 2090 473 2154 ecclesiam
489 2092 532 2155 de
548 2089 758 2171 Ormyshede
773 2111 832 2172 pro
850 2089 995 2152 manerio
1008 2088 1149 2152 Scottun
1165 2091 1409 2171 appropriatam
1423 2118 1430 2169 ;
1456 2100 1489 2154 et
1504 2092 1651 2155 studium

301 2220 334 2274 et
350 2211 519 2293 promocio
535 2210 745 2275 studentium
760 2219 794 2273 et
810 2208 976 2273 exhibitio
991 2208 1034 2271 ad
1051 2211 1196 2272 studium
1213 2222 1361 2291 pereunt.
1395 2212 1481 2276 Item
1499 2214 1651 2276 monachi

301 2331 384 2414 nigri
408 2330 556 2394 Eborum
579 2330 705 2393 habent
729 2352 779 2392 xx
803 2329 953 2392 marchas
975 2329 1125 2392 annualis
1148 2330 1314 2411 pensionis
1336 2333 1460 2395 eisdem
1485 2333 1652 2396 monachis

300 2452 334 2514 in
349 2461 547 2533 perpetuum
564 2449 730 2513 relaxatas
745 2470 804 2530 per
820 2448 991 2513 ecclesiam
1012 2450 1234 2513 cathedralem
1256 2449 1370 2514 Sancti
1388 2451 1475 2515 Petri
1493 2452 1651 2516 Eborum.

301 2571 364 2635 Illa
387 2571 474 2635 enim
498 2572 545 2634 sic
569 2570 731 2634 relaxavit
755 2568 925 2633 monachis
951 2569 1041 2636 illam
1070 2570 1246 2634 annualem
1270 2573 1464 2652 pensionem
1490 2593 1540 2634 xx
1568 2592 1652 2635 mar·

301 2691 437 2757 charum
466 2712 526 2773 pro
549 2690 623 2772 jure
653 2700 847 2772 patronatus
877 2690 974 2752 unius
1007 2689 1153 2753 ecclesiae
1183 2691 1380 2772 parochialis
1409 2713 1566 2757 concesso
1595 2713 1654 2774 per

301 2810 482 2876 monachos
512 2810 658 2875 ecclesiae
688 2811 792 2874 sancti
819 2809 906 2873 Petri
939 2810 1098 2886 Eborum,
1122 2820 1158 2875 ut
1185 2832 1243 2894 per
1266 2811 1436 2876 licenciam
1463 2832 1653 2877 concessam

300 2952 360 3016 per
383 2932 563 2997 Henricum
588 2929 734 2994 Sextum
758 2950 870 3012 regem
892 2929 1028 3011 Angliae
1055 2930 1172 2994 eadem
1198 2932 1337 2996 ecclesia
1364 2933 1523 2998 Ecclesiae
1548 2935 1653 3000 sancti

302 3052 389 3118 Petri
409 3053 646 3134 approprietur.

390 3173 533 3254 Indigna
565 3173 653 3234 enirn
687 3172 857 3252 promocio
891 3169 1084 3233 inhabilium
1120 3192 1331 3253 personarum
1364 3185 1397 3237 et
1427 3177 1654 3257 appropriacio

302 3292 512 3358 ecclesiarum
533 3291 768 3374 parochialium
789 3311 896 3354 causae
912 3289 1041 3354 luerunt
1061 3291 1295 3356 destmccionis
1314 3295 1405 3377 regni
1422 3294 1653 3372 Bohemorum,

302 3423 336 3479 et
356 3412 575 3478 hereticorum
596 3412 686 3475 illam
708 3413 848 3493 patriam
870 3422 905 3475 et
928 3432 1065 3494 regnum
1087 3413 1336 3491 destruentium,
1356 3426 1389 3478 ct
1414 3418 1547 3497 quando
1571 3418 1652 3480 veri-

302 3533 409 3598 simile
433 3533 495 3598 suit
517 3534 608 3615 quod
635 3533 716 3596 talia
743 3532 831 3595 mala
856 3532 1066 3595 imminerent
1089 3553 1189 3614 regno
1218 3534 1395 3613 Bohemiae‚
1419 3556 1478 3617 per
1502 3536 1654 3619 indignos

302 3654 466 3738 praelatos,
482 3675 541 3737 per
555 3654 861 3738 appropriacionem
885 3653 1106 3730 ecclesiarum,
1122 3664 1155 3717 et
1171 3674 1231 3736 per
1246 3664 1376 3718 curatos
1392 3676 1457 3718 non
1474 3657 1654 3722 residentes

302 3777 334 3838 in
366 3774 451 3839 curis
480 3775 557 3853 suis,
582 3773 790 3838 Universitas
818 3773 992 3855 Pragensis
1018 3775 1148 3855 scripsit
1179 3775 1325 3838 Martino
1356 3774 1390 3855 5⁰
1419 3797 1478 3859 pro
1508 3778 1654 3841 remedio

301 3896 420 3960 horum
452 3896 623 3969 malorum,
651 3896 710 3957 sed
738 3894 920 3957 remedium
948 3914 1013 3957 non
1041 3894 1102 3957 luit
1129 3904 1342 3959 consecutum
1367 3898 1425 3961 sed
1450 3898 1653 3961 destructum

304 4026 354 4080 est
385 4037 522 4099 regnum
549 4014 772 4079 Bohemorum
797 4025 830 4078 et
855 4015 1003 4078 ecclesiae
1030 4015 1205 4079 destructae
1233 4026 1265 4079 et
1290 4017 1471 4080 combustas
1496 4038 1555 4099 per
1578 4020 1654 4084 Hus

303 4137 522 4202 hereticorum
559 4136 741 4218 principem
778 4145 811 4198 et
847 4155 905 4216 per
936 4136 1068 4199 Petrum
1107 4135 1207 4200 Clark
1239 4137 1428 4218 Anglicum‚
1459 4140 1653 4220 magistrum

303 4258 422 4322 artium
458 4257 607 4321 inutilem
646 4256 800 4331 Oxoniae‚
830 4257 885 4339 qui
924 4255 985 4320 fuit
1024 4268 1121 4320 natus
1158 4259 1190 4319 in
1228 4257 1352 4339 Anglia
1386 4259 1417 4320 in
1450 4260 1527 4322 villa
1555 4261 1655 4342 juxta
