3818 4904
440 1187 609 1285 LOCI
659 1193 701 1286 E
748 1194 964 1291 LIBRO
1009 1198 1454 1297 VERITATUM.

356 1553 395 1620 [p.
414 1555 467 1619 10.]
496 1557 690 1615 Absoluoio.
738 1552 793 1616 Sic
823 1563 859 1617 tu
890 1554 1042 1637 episcope
1071 1576 1129 1618 seu
1160 1565 1275 1632 rector,
1301 1555 1357 1637 qui
1389 1574 1423 1617 es
1450 1552 1569 1615 absens
1598 1569 1619 1613 a

270 1684 346 1728 cura
370 1676 436 1746 tua,
458 1681 638 1753 occupatus
665 1673 699 1736 in
724 1675 822 1738 rebus
851 1696 926 1757 quae
952 1674 1012 1738 tibi
1040 1685 1073 1739 et
1099 1697 1185 1740 curae
1210 1687 1277 1740 tuae
1302 1684 1380 1739 sunt
1406 1670 1620 1761 incompossif

268 1783 360 1865 biles,
384 1790 469 1852 vade
498 1792 588 1873 prius
619 1802 652 1857 et
682 1795 854 1858 reconcilia
885 1806 919 1859 et
949 1797 1089 1860 reforma
1119 1817 1231 1861 curam
1260 1806 1352 1860 tuam
1382 1805 1420 1858 ut
1449 1793 1560 1871 debes,
1585 1800 1619 1854 et

268 1915 348 1971 tunc
385 1909 502 1974 offeras
538 1913 700 1977 sacerdoti
734 1915 768 1977 in
805 1916 938 1979 nomine
971 1917 1107 1980 Domini
1141 1938 1261 1980 munus
1293 1913 1505 1989 consessionis
1542 1920 1619 1975 tuae.

270 2027 339 2094 Sed
364 2029 449 2095 forte
472 2031 562 2110 dicis,
589 2035 790 2097 necessarius
815 2057 888 2098 sum
915 2037 1054 2100 concilio
1081 2038 1166 2119 regis
1193 2046 1227 2101 et
1253 2038 1353 2119 regni,
1376 2046 1413 2099 ut
1439 2052 1547 2098 causae
1573 2031 1619 2093 ibi

268 2152 486 2217 terminentur
506 2163 540 2217 et
560 2153 644 2233 lites,
660 2167 693 2220 et
711 2156 787 2219 ideo
806 2178 872 2219 non
891 2177 1026 2239 possum
1043 2158 1163 2221 venire.
1208 2156 1413 2221 Ostendetur
1431 2153 1520 2237 quod
1539 2152 1619 2214 dato

268 2294 335 2336 uno
364 2285 546 2357 sequuntur
574 2275 688 2359 plura3
725 2276 820 2359 plura
850 2277 938 2340 enim
968 2276 1056 2341 mala
1085 2278 1168 2342 frunt
1194 2278 1227 2340 in
1257 2277 1404 2360 pluribus
1433 2272 1513 2336 locis
1543 2289 1619 2353 quae

268 2413 334 2457 non
359 2394 476 2460 fierent
498 2397 526 2459 si
552 2397 706 2479 episcopi,
726 2409 879 2475 rectores,
903 2408 938 2463 et
960 2400 1085 2462 domini
1109 2398 1308 2480 temporales
1332 2417 1392 2459 sua
1411 2394 1485 2461 loca
1508 2391 1620 2455 debite

268 2526 419 2597 regerent
448 2526 482 2581 et
512 2517 546 2579 in
576 2518 702 2581 eisdem
730 2529 967 2601 expectarent;
998 2530 1032 2583 et
1062 2520 1140 2602 quia
1166 2528 1242 2583 sunt
1267 2518 1421 2581 absentes
1447 2525 1482 2578 et
1507 2531 1617 2576 curam

267 2655 363 2698 suam
386 2637 602 2720 negligentes
626 2639 702 2703 ideo
724 2639 819 2721 plura
843 2640 929 2703 mala
955 2640 1039 2704 fiunt
1066 2651 1099 2705 et
1126 2640 1359 2704 reformacione
1385 2636 1534 2719 indigent
1560 2653 1619 2716 per

268 2758 406 2822 concilia
437 2780 557 2842 magna
586 2760 619 2823 in
649 2762 768 2844 regnis,
793 2762 871 2844 quia
901 2762 963 2843 ipsi
997 2782 1063 2825 non
1093 2771 1171 2826 sunt
1204 2781 1280 2824 cum
1312 2759 1379 2823 suis
1408 2755 1558 2830 subditis
1585 2760 1618 2817 et

266 2879 345 2961 quia
370 2879 528 2946 deficiunt
552 2882 585 2945 in
611 2903 669 2946 sua
695 2902 772 2946 cura
796 2884 843 2946 eis
865 2883 988 2958 debita,
1012 2884 1096 2947 sicut
1123 2882 1211 2946 mala
1238 2900 1358 2962 magna
1385 2878 1508 2942 fiebant
1535 2876 1620 2937 inter

268 2998 440 3067 Galathas

354 3130 395 3198 [p.
414 3130 467 3198 ¹5·]
507 3123 595 3186 Novi
626 3123 714 3187 enim
745 3124 834 3207 quod
861 3125 957 3188 unius
984 3123 1131 3189 ecclesiae
1158 3119 1371 3187 cathedralis¹
1398 3117 1542 3183 officiarii
1570 3117 1618 3178 in·

263 3244 409 3328 jungunt
438 3255 472 3309 et
501 3244 696 3327 praecipiunt
726 3245 879 3309 omnibus
903 3246 1024 3310 curatis
1047 3265 1116 3308 suae
1143 3244 1328 3327 provinciae,
1355 3251 1391 3304 ut
1418 3240 1451 3301 in
1476 3236 1618 3319 quadra·

266 3365 394 3450 gesima
415 3364 588 3449 injungant
609 3365 849 3444 confitentibus,
865 3377 902 3431 ut
916 3366 1046 3432 solvant
1064 3366 1212 3449 quolibet
1227 3385 1315 3428 anno
1330 3360 1457 3426 matrici
1473 3356 1618 3422 ecclesiae

266 3485 391 3569 aliquid
416 3486 571 3550 debonis
593 3487 669 3565 suis,
687 3497 722 3551 et
744 3488 880 3570 pauperi
902 3489 959 3571 qui
982 3510 1048 3552 non
1070 3487 1172 3552 habet
1191 3485 1239 3570 iijd
1257 3485 1397 3568 injungit
1418 3492 1452 3547 et
1470 3477 1619 3564 praecipit

267 3628 346 3671 suus
373 3617 502 3672 curatus
524 3629 585 3691 pro
608 3608 792 3691 penitencia
820 3606 871 3672 xld
892 3609 1069 3673 solvendos
1096 3609 1242 3674 ecclesiae
1267 3604 1456 3681 cathedrali,
1480 3612 1513 3665 et
1536 3598 1618 3663 alius

266 3738 398 3794 curatus
421 3730 548 3811 accepit
575 3729 747 3795 ecclesiam
774 3739 807 3794 et
833 3731 1024 3813 parochiam
1050 3752 1144 3794 suam
1168 3730 1333 3813 propriam
1357 3729 1400 3790 ad
1423 3724 1551 3789 firmam
1574 3720 1617 3782 de

267 3849 430 3914 officiariis
452 3850 598 3916 ecclesiae
625 3851 830 3917 cathedralis.
875 3853 964 3917 Novi
987 3873 1089 3917 unum
1111 3852 1167 3936 qui
1195 3851 1291 3915 solvit
1313 3872 1344 3914 v.
1366 3847 1489 3911 solidos
1513 3862 1616 3906 annu·

266 3971 349 4035 atim
386 3992 446 4054 pro
480 3993 539 4037 sua
572 3973 728 4057 parochia
766 3972 911 4037 ecelesiae
944 3973 1134 4052 cathedrali,
1167 3983 1202 4037 et
1239 3972 1310 4053 ipse
1341 3969 1428 4033 idem
1465 3964 1617 4029 sacerdos

266 4092 463 4175 parochialis
500 4095 657 4178 praecepit
694 4105 728 4159 et
765 4095 914 4160 oneravit
951 4106 985 4161 et
1026 4095 1172 4177 injunxit
1212 4093 1346 4159 cuilibet
1383 4089 1453 4152 viro
1487 4088 1520 4150 in
1557 4105 1617 4149 sua

287 4204 326 4247 υ

270 4213 284 4257 Ι
693 4284 702 4315 ¹
718 4284 773 4336 The
784 4283 919 4336 Cathedral
932 4285 1032 4334 alluded
1044 4286 1102 4336 tois
1114 4282 1190 4332 l'orli.

934 4382 954 4431 B
