3818 4904
304 388 364 446 144
677 374 775 428 LOCI
801 374 830 425 E
859 372 982 425 LIBRO
1018 371 1276 427 VERITATUM.

302 599 338 652 ut
365 589 480 665 nullus,
510 611 569 653 nec
598 589 683 652 serio
713 608 772 650 nec
796 587 881 668 joc0,
903 595 1037 649 vocaret
1061 587 1169 667 ipsum
1196 594 1373 667 augustum
1397 586 1589 663 dominum;
1621 595 1654 650 et

301 711 429 788 merito,
444 711 521 793 quia
542 730 638 772 verus
655 709 821 771 Dominus
841 706 947 770 tocius
969 707 1097 789 generis
1119 706 1255 770 humani
1275 706 1360 771 inter
1381 706 1532 770 homines
1556 715 1653 770 natus

300 831 370 909 fuit,
398 831 529 909 scilicet,
556 830 700 911 expletis
722 829 765 891 ab
792 828 930 891 exordio
958 827 1071 889 mundi
1102 828 1248 908 quinque
1275 826 1407 890 milibus
1433 848 1594 890 annorum
1619 837 1653 890 et

300 961 434 1016 centurn
463 953 643 1033 nonaginta
674 969 803 1012 novem.
859 948 954 1022 Item,
978 947 1042 1010 illis
1072 947 1188 1010 diebus
1218 957 1309 1010 trans
1336 948 1484 1011 Tiberim
1518 949 1560 1011 de
1587 947 1653 1010 Ta-

300 1074 403 1135 berna
427 1071 596 1134 Meritoria
618 1091 676 1152 per
698 1079 807 1133 totum
835 1069 923 1131 diem
946 1067 1072 1131 sontem
1097 1067 1161 1130 olei
1188 1078 1274 1131 terra
1301 1069 1515 1144 exeundavit‚
1539 1077 1572 1132 et
1595 1088 1654 1150 per

301 1202 410 1256 totum
433 1192 521 1254 diem
545 1191 729 1272 largissimo
752 1190 821 1251 rivo
844 1188 950 1266 fluxit,
974 1188 1007 1250 in
1030 1188 1160 1269 signum
1184 1188 1244 1252 Xti
1267 1188 1441 1252 adventus,

387 1321 426 1388 [p.
445 1320 512 1385 ιη]
558 1318 729 1373 Nativitas
750 1315 887 1371 Domini
908 1316 1017 1370 nostri
1038 1317 1121 1371 Jesu
1143 1315 1212 1372 Xti.
1259 1309 1341 1371 Ideo
1363 1331 1423 1372 vos
1445 1329 1569 1384 omnes
1593 1329 1653 1391 pro

301 1452 440 1513 quorum
467 1432 574 1495 salute
598 1431 687 1493 Xtus
710 1429 808 1507 venit,
831 1438 945 1492 cavete
969 1438 1002 1491 et
1028 1427 1133 1510 sugite
1156 1429 1188 1490 in
1212 1427 1275 1492 hoc
1302 1450 1395 1493 sacro
1424 1429 1509 1492 festo
1530 1429 1653 1493 viciosa

301 1563 335 1617 et
361 1553 477 1634 turpia,
502 1562 536 1616 et
563 1553 727 1634 praecipue
753 1558 869 1612 cantus
895 1549 1087 1612 inhonestos
1112 1558 1146 1613 et
1170 1557 1290 1631 turpes,
1315 1550 1370 1631 qui
1398 1551 1568 1614 libidinem
1594 1572 1654 1613 ex·
1731 1635 1734 1641 Ι

299 1674 403 1736 citant
430 1683 463 1736 et
488 1681 677 1754 provocant,
698 1680 731 1734 et
759 1669 952 1732 memoriam
977 1669 1128 1751 turpibus
1154 1669 1449 1751 imaginacionibus
1474 1670 1651 1745 maculant,

300 1805 334 1859 et
361 1794 497 1867 laedunt,
519 1804 552 1857 et
578 1792 751 1875 ymagines
773 1791 966 1872 imprimunt
997 1790 1029 1852 in
1055 1799 1176 1865 mente,
1199 1811 1281 1872 quas
1308 1791 1475 1872 expellere
1501 1791 1652 1855 difficilli-

301 1935 392 1977 mum
419 1924 478 1977 est.
533 1914 620 1977 Novi
652 1933 724 1994 ego,
752 1912 877 1975 scilicet
907 1910 1114 1993 Gascoygne,
1146 1912 1263 1975 doctor
1293 1933 1395 1975 sacrae
1426 1912 1565 1996 paginae,
1595 1913 1652 1995 qui

299 2035 371 2099 haec
394 2035 517 2116 scripsi,
537 2054 638 2096 unum
664 2051 821 2114 magnum
848 2041 881 2094 et
905 2032 1085 2095 notabilem
1108 2033 1215 2095 virum
1238 2032 1340 2095 talem
1363 2044 1498 2097 cantum
1520 2043 1652 2115 turpem

300 2154 443 2218 infesto
469 2153 587 2217 natalis
613 2153 785 2230 audivisse,
809 2161 842 2214 et
872 2161 997 2233 postea,
1023 2152 1107 2214 inira
1130 2153 1230 2216 breve
1260 2162 1401 2235 tempus,
1434 2153 1515 2217 illud
1546 2165 1650 2236 turpe,

300 2277 389 2359 quod
420 2275 453 2338 in
480 2284 578 2338 cantu
607 2273 741 2352 audivit,
767 2272 829 2335 suit
856 2275 903 2336 ita
929 2273 961 2335 in
988 2283 1100 2337 mente
1130 2295 1189 2336 sua
1220 2274 1425 2355 impressum,
1448 2274 1538 2356 quod
1569 2295 1651 2337 nun·

299 2419 400 2480 quam
425 2406 542 2480 postea
565 2395 673 2478 potuit
697 2393 864 2476 expellere
891 2414 910 2455 a
936 2404 1047 2457 mente
1070 2415 1138 2468 sua,
1161 2414 1221 2457 nec
1246 2394 1371 2476 species
1396 2395 1468 2458 illas
1494 2396 1650 2471 oblivisci,

299 2519 387 2581 unde
410 2518 443 2580 in
464 2526 592 2581 tantam
617 2516 731 2579 incidit
754 2515 931 2593 tristitiam,
954 2515 1044 2596 quod
1068 2536 1113 2577 ex
1136 2515 1193 2578 illa
1216 2515 1422 2579 moriebatur.

387 2648 425 2713 [p.
444 2647 511 2711 131]
557 2644 713 2699 ornatus.
760 2636 828 2698 Iste
855 2635 942 2697 enim
973 2643 1107 2698 ornatus
1137 2636 1304 2717 preciosus
1334 2646 1367 2699 et
1397 2637 1589 2718 superfluus,
1618 2646 1651 2702 et

299 2768 406 2841 aptuS,
435 2759 563 2820 nudans
594 2768 727 2839 pectora
758 2755 910 2833 mulieris,
944 2767 977 2819 et
1008 2759 1185 2821 ostendens
1216 2758 1362 2821 colorem
1389 2758 1472 2835 suc0,
1503 2759 1523 2821 i.
1540 2781 1566 2822 e.
1592 2780 1651 2822 un-

298 2889 432 2962 guento,
451 2879 533 2941 false
554 2879 763 2960 adquisitam,
783 2888 816 2941 et
838 2887 971 2940 omatus
992 2879 1144 2953 virorum,
1166 2879 1236 2961 jam
1260 2900 1365 2961 nuper
1388 2881 1550 2957 inductus,
1569 2882 1652 2944 citra

298 3021 423 3065 annum
448 3018 539 3082 1429,
562 2999 657 3083 plura
682 2999 770 3062 mala
793 3000 950 3074 causavit‚
972 2999 1005 3062 in
1028 3000 1257 3083 superbiendo,
1276 3012 1310 3065 et
1334 3002 1368 3064 in
1392 3001 1595 3082 fornicando,
1617 3012 1652 3067 et

298 3122 331 3184 in
354 3121 581 3195 adulterando
600 3131 633 3185 et
657 3123 690 3184 in
715 3120 884 3197 Sodomia,
901 3131 938 3184 ut
961 3130 1077 3183 notum
1101 3131 1151 3184 est
1173 3121 1329 3203 pluribus.
1376 3123 1540 3187 Homines
1563 3124 1651 3187 enim

299 3242 460 3305 femorum
491 3241 632 3305 formam
665 3242 844 3305 ostendunt
875 3250 909 3305 et
945 3241 1139 3324 genitalium
1175 3262 1234 3324 per
1266 3252 1453 3323 aperturam
1488 3253 1587 3326 togae,
1618 3255 1652 3310 et

297 3363 424 3427 braccis
450 3363 520 3444 jam
551 3383 617 3426 non
648 3371 793 3440 utuntur,
824 3364 881 3425 sed
912 3362 1034 3446 caligis,
1065 3362 1099 3425 in
1128 3361 1248 3444 quibus
1278 3361 1384 3426 forma
1414 3365 1653 3447 magnitudinis

298 3485 522 3549 membrorum
541 3485 681 3565 turpiter
701 3484 895 3547 ostenditur.
934 3482 1025 3546 Talis
1046 3493 1181 3547 ornatus
1202 3484 1309 3566 primo
1332 3495 1443 3549 movet
1464 3487 1508 3550 ad
1531 3507 1652 3570 magna

298 3615 443 3689 peccata,
474 3615 508 3670 et
539 3606 675 3669 retrahit
707 3615 842 3680 mentes
874 3606 1008 3687 quando
1038 3605 1081 3667 de
1108 3604 1184 3668 Deo
1214 3605 1407 3687 cogitarent,
1434 3607 1477 3670 ad
1507 3609 1653 3689 pessima

298 3725 462 3789 desideria
485 3733 518 3788 et
542 3725 585 3787 ad
608 3732 701 3787 actus
725 3723 840 3786 malos.

387 3842 482 3917 Item,
507 3841 550 3904 ad
581 3841 689 3923 turpia
713 3840 822 3913 verba,
851 3860 926 3921 quae
952 3849 1028 3902 sunt
1056 3839 1290 3922 dampnabilia‚
1318 3851 1351 3904 et
1381 3841 1425 3904 ad
1452 3850 1560 3904 tactus
1591 3841 1653 3904 im·

298 4095 378 4148 vant
399 4105 421 4147 a
443 4105 502 4147 sua
529 4084 689 4147 libertate.

387 4205 482 4282 Item,
513 4225 677 4288 expensas
711 4223 849 4286 magnas
884 4213 1029 4283 causant,
1060 4213 1093 4268 et
1127 4205 1172 4267 sic
1209 4213 1447 4286 consequenter
1483 4202 1655 4268 retrahunt
