3818 4904
278 384 339 450 232
374 420 379 431 .
589 375 835 429 ·EXCERPTA
864 375 893 428 E
916 375 1011 429 MSS.
1036 374 1288 431 GASCOIGNII.

701 590 760 653 Ad
783 589 906 653 calcem
930 588 1078 671 ejusdem
1102 588 1178 654 MS.

362 745 466 810 Anno
489 745 550 809 Xti
575 756 666 828 1455,
690 751 745 809 22⁰
767 745 822 808 die
845 743 936 822 Maii,
961 743 1059 807 occisi
1081 744 1214 807 fuerunt
1235 744 1268 806 in
1294 741 1383 807 bello
1409 751 1493 825 aput
1513 739 1625 805 villam

276 864 391 930 Sancti
414 865 548 941 Albani,
573 866 606 928 in
628 865 807 948 praesencia
830 863 965 927 Henrici
982 863 1034 927 viti
1058 864 1143 947 regis
1165 863 1309 947 Angliae,
1334 861 1533 927 Edmundus
1556 863 1626 926 dux

276 984 496 1065 Somersetiae,
520 995 554 1050 et
578 985 741 1050 Henricus
764 985 864 1049 Perce
884 1005 996 1048 comes
1021 984 1277 1063 Northumbriae,
1300 993 1334 1048 et
1355 983 1510 1048 dominus
1534 980 1626 1065 Clyl·

276 1105 373 1184 forth,
395 1127 455 1189 per
477 1106 650 1170 dominum
673 1105 853 1170 Ricardum
875 1105 994 1169 ducem
1017 1105 1168 1183 Eboraci,
1191 1116 1225 1170 et
1247 1105 1419 1170 dominum
1444 1104 1626 1167 Ricardum

275 1226 383 1290 Nevel
398 1227 554 1291 comitem
570 1225 699 1303 Sarum,
716 1235 750 1290 et
765 1226 937 1289 dominum
959 1226 1139 1289 Ricardum
1158 1225 1265 1290 Nevel
1285 1225 1441 1290 comitem
1458 1222 1626 1307 Warwyk‚

276 1347 333 1430 qui
355 1346 417 1411 fuit
439 1347 523 1411 filius
546 1356 580 1411 et
602 1346 706 1410 haeres
729 1347 877 1428 ejusdem
899 1346 1029 1411 comitis
1052 1346 1182 1411 Sarum.

365 1570 405 1633 In
428 1570 493 1633 fine
512 1568 589 1633 MS.
605 1568 640 1633 S.
661 1569 842 1651 Augustini
864 1570 907 1633 de
929 1569 1072 1635 Civitate
1095 1571 1168 1645 Dei,
1190 1569 1223 1633 in
1248 1569 1332 1634 Bibl.
1358 1568 1441 1632 Bod.
1469 1569 1626 1633 asservati

277 1691 360 1756 Bod.
383 1689 485 1754 MSS.
506 1687 577 1770 198.

790 1789 873 1856 Μ11110
894 1800 1005 1859 cccc¹²¹⁰
1027 1794 1110 1858 xlv0.

363 1931 466 1995 Anno
492 1931 677 1994 Dominicae
703 1930 945 1995 Incarnaeionis
973 1939 1078 2015 14450,
1105 1952 1167 2016 ego
1191 1933 1347 2016 magister
1368 1931 1519 1997 Thomas
1541 1931 1626 1996 Gas-

277 2052 402 2135 coigne,
421 2051 639 2115 Eboracensis
656 2051 805 2123 diocesis,
825 2051 871 2114 fui
894 2052 1027 2131 electus,
1046 2074 1106 2135 per
1127 2053 1171 2136 iiij
1195 2054 1347 2118 doctores
1364 2073 1466 2116 sacrae
1481 2052 1626 2117 Theolo-

276 2173 340 2257 giae
356 2171 548 2250 Londoniis,
564 2171 597 2234 in
620 2181 778 2236 rectorem
796 2171 910 2236 Sancti
928 2174 1017 2237 Petri
1033 2173 1076 2237 de
1098 2172 1253 2252 Cornhul,
1269 2183 1311 2253 et,
1331 2184 1408 2257 post
1431 2173 1625 2238 electionem

276 2293 435 2371 habitam,
462 2292 566 2375 major
595 2292 735 2357 civitatis
765 2292 1016 2369 Londoniensis,
1046 2295 1261 2373 aldermanni,
1286 2304 1320 2358 et
1349 2296 1437 2358 cives
1467 2294 1626 2359 miserunt

277 2413 376 2478 michi
403 2413 696 2497 praesentaeionem
722 2415 766 2477 ad
796 2413 935 2477 eandem
962 2412 1143 2478 ecclesiam.
1188 2415 1235 2477 Et
1265 2435 1336 2498 ego,
1360 2424 1439 2479 tunc
1468 2415 1626 2492 infirmus,

276 2535 445 2618 acceptavi
474 2534 777 2616 praesentacionem,
806 2554 941 2616 sperans
971 2555 1025 2597 me
1058 2534 1286 2599 convalescere
1324 2535 1399 2610 cit0,
1430 2545 1464 2600 et
1500 2535 1625 2601 ibidem

277 2657 491 2740 personaliter
521 2655 670 2729 residere,
696 2664 729 2719 et
760 2676 859 2718 onera
889 2656 1030 2738 pastoris
1059 2677 1119 2739 pro
1150 2677 1248 2739 posse
1278 2656 1423 2738 implere,
1446 2657 1498 2721 vel
1526 2660 1626 2741 resig-

277 2798 373 2841 nare:
404 2787 438 2841 et
464 2777 542 2858 quia
568 2777 672 2839 indies
698 2776 870 2839 infirmitas
897 2778 1107 2855 continuavit,
1135 2778 1180 2841 ita
1204 2779 1294 2860 quod
1322 2778 1396 2842 illuc
1424 2779 1466 2841 de
1490 2776 1626 2842 Oxonia

275 2919 452 2982 properare
482 2918 548 2961 non
578 2897 680 2979 potui,
707 2897 791 2974 ideo,
816 2918 887 2979 ego,
918 2897 966 2959 M.
986 2897 1134 2961 Thomas
1160 2897 1353 2980 Gascoigne,
1379 2901 1495 2964 doctor
1523 2921 1625 2965 sacrae

275 3017 478 3102 Theologiae,
508 3027 542 3082 et
572 3018 783 3082 cancellarius
809 3017 961 3097 Oxoniae,
988 3018 1147 3101 resignavi
1177 3018 1347 3084 ecclesiam
1377 3019 1478 3096 illam,
1506 3022 1626 3085 eodem

276 3160 373 3218 anno,
397 3141 429 3203 in
459 3140 514 3203 die
538 3138 652 3204 Sancti
680 3139 818 3204 Mathiae
844 3138 997 3222 apostoli,
1020 3140 1234 3224 simpliciter3
1268 3139 1410 3206 Sanctus
1441 3141 1529 3206 enim
1554 3144 1626 3207 Ed·

276 3259 427 3339 mundus,
456 3258 719 3343 archiepiscopus
750 3260 1003 3339 CantuariensiS,
1033 3281 1203 3343 nunquam
1239 3262 1347 3326 tenuit
1386 3262 1560 3327 ecclesiam
1591 3264 1624 3327 in

276 3403 375 3445 manu
401 3402 469 3459 sua,
495 3381 555 3444 nisi
580 3381 738 3462 quamdiu
764 3380 981 3463 personaliter
1004 3381 1048 3445 ibi
1075 3382 1108 3443 in
1130 3402 1209 3446 cura
1233 3383 1363 3461 resedit,
1387 3393 1425 3446 ut
1450 3394 1544 3467 patet
1566 3405 1626 3467 per

275 3503 470 3586 magistrum
491 3501 670 3565 Albertum
692 3500 919 3566 Lenosensem
943 3503 1133 3586 episcopum
1157 3504 1190 3567 in
1212 3505 1281 3569 vita
1304 3504 1417 3570 Sancti
1443 3505 1623 3570 Edmundi.

277 3623 376 3687 Heu!
407 3622 492 3687 heu!
524 3623 601 3705 quia
630 3622 784 3686 absencia
808 3622 887 3686 boni
914 3625 1055 3705 pastoris
1085 3625 1179 3707 plura
1210 3625 1298 3690 mala
1327 3626 1406 3691 lacit
1435 3636 1469 3691 et
1500 3636 1623 3703 causat,

274 3744 359 3809 sicut
380 3745 534 3809 absencia
557 3753 667 3809 nautae
690 3743 723 3806 in
746 3744 839 3807 navi!
