3818 4904
302 421 363 483 114
677 412 777 469 LOCI
801 413 832 467 E
859 413 984 469 LIBRO
1018 413 1277 472 VERITATUM.

301 627 563 711 hospitalitatem
600 629 646 692 eis
683 628 840 706 tribuunt,
878 648 938 692 nec
974 627 1135 691 auxilium
1173 628 1207 691 in
1243 628 1382 710 agendis
1421 628 1652 692 necessarium.

301 748 468 813 Dominus
495 749 583 812 enim
609 749 702 813 Deus
727 749 823 812 dedit
848 758 979 814 tantum
1005 750 1128 813 victum
1154 750 1271 813 decem
1294 749 1519 813 sacerdotibus
1549 768 1653 830 quan-

301 879 375 933 tum
396 869 490 934 dedit
508 868 579 933 xx²¹
595 869 728 948 Levitis
744 878 778 933 et
798 878 929 933 tantum
944 870 1068 933 victum
1084 869 1139 931 uni
1162 869 1325 933 sacerdoti
1344 878 1504 951 quantum
1522 869 1654 933 duobus

304 988 442 1065 Levitis,
473 998 507 1054 et
539 1009 638 1053 causa
671 988 734 1052 suit
762 996 898 1071 propter
927 989 1157 1053 necessitatem
1186 989 1236 1051 sui
1266 989 1372 1068 officii,
1399 990 1477 1070 quia
1506 988 1653 1071 pluribus

301 1108 482 1192 indigebat,
510 1118 545 1174 et
573 1092 677 1173 eciam
704 1109 781 1191 quia
809 1109 963 1173 sacerdos
989 1108 1105 1172 melius
1132 1109 1229 1174 sciret
1255 1111 1424 1191 quomodo
1453 1119 1488 1173 et
1513 1109 1655 1192 qualiter

255 1218 261 1233 ⁸
303 1228 361 1292 illa
381 1230 469 1293 bona
491 1229 697 1311 dispensaret
720 1238 754 1292 et
776 1229 989 1311 expenderet,
1004 1229 1046 1292 ad
1068 1229 1133 1292 Dei
1156 1228 1288 1292 laudem
1311 1230 1603 1311 augmentandam,
1620 1237 1655 1292 et

303 1350 347 1414 ad
377 1349 561 1413 animarum
586 1348 726 1414 salutem
751 1349 993 1431 acquirendam,
1019 1358 1057 1414 ut
1081 1358 1223 1414 testatur
1247 1349 1389 1413 Sanctus
1412 1349 1599 1432 Jeronimus
1621 1348 1655 1410 in

303 1597 400 1653 terrae
423 1589 672 1673 promissionis;
703 1590 762 1654 sed
788 1590 845 1671 qui
868 1610 951 1653 onus
977 1597 1012 1653 et
1031 1609 1143 1653 curam
1167 1591 1349 1654 animarum
1371 1590 1506 1669 habent,
1532 1599 1566 1653 et
1589 1609 1657 1652 non

303 1709 429 1774 faciunt
455 1712 545 1793 quod
568 1719 723 1775 tenentur
748 1709 864 1787 facere,
887 1709 1033 1774 latrones
1059 1718 1145 1774 sunt.
1191 1706 1356 1790 ‘Omnes’
1379 1711 1485 1792 inquit
1511 1709 1600 1774 Xtus
1622 1709 1657 1772 in

304 1829 496 1912 Evangelio,
520 1831 594 1913 ‘qui
620 1839 699 1894 ante
722 1851 776 1894 me
796 1840 957 1894 venerunt
980 1830 1066 1894 iures
1089 1840 1166 1895 sunt
1194 1839 1228 1895 et
1251 1830 1394 1895 latrones
1405 1830 1422 1909 3’
1456 1851 1523 1894 non
1541 1829 1656 1911 inquit,

305 1950 362 2032 qui
382 1949 474 2013 missi
494 1958 572 2014 sunt
592 1959 671 2014 ante
692 1970 755 2027 me,
770 1951 828 2014 sed
849 1950 905 2032 qui
927 1971 986 2014 sua
1006 1959 1126 2033 sponte
1144 1960 1312 2028 venerunt,
1329 1972 1395 2015 non
1419 1951 1509 2014 missi
1530 1972 1551 2015 a
1570 1950 1657 2026 Dee,

304 2069 436 2136 fuerunt
463 2069 550 2134 fures
577 2081 610 2136 et
633 2071 802 2148 latrones3
837 2091 903 2135 non
930 2071 1007 2154 quia
1037 2092 1115 2135 oves
1143 2083 1177 2137 et
1203 2072 1304 2136 boves
1325 2073 1357 2136 vi
1388 2080 1574 2154 rapuerunt,
1597 2071 1657 2135 sed

304 2191 396 2273 quod
413 2198 451 2254 ut
470 2189 557 2254 sures
571 2201 740 2267 venerunt,
756 2211 800 2255 sc.
816 2191 859 2253 ad
882 2192 1097 2254 mactandum
1116 2203 1150 2257 et
1168 2194 1382 2275 perdendum,
1399 2202 1432 2256 et
1454 2192 1517 2255 hoc
1532 2192 1657 2255 bonum

304 2312 457 2377 debitum
483 2333 551 2376 non
576 2311 782 2390 conferendo,
805 2311 859 2375 vel
888 2312 1095 2389 retrahendo,
1121 2335 1166 2377 ex
1192 2334 1259 2396 quo
1289 2312 1418 2377 defectu
1441 2314 1495 2376 alii
1527 2312 1659 2396 spiritu*

305 2434 402 2500 aliter
423 2435 607 2497 moriuntur
632 2443 667 2498 et
690 2432 733 2497 ab
758 2433 890 2497 inimico
915 2435 1031 2516 spiritu
1056 2436 1262 2514 devorantur,
1287 2435 1343 2518 qui
1370 2435 1457 2498 enim
1483 2434 1658 2499 defraudat

305 2578 485 2641 pauperem
511 2577 633 2640 panem
659 2556 708 2619 vir
733 2556 902 2638 sanguinis
929 2567 988 2632 est,
1016 2559 1036 2621 i.
1049 2578 1075 2620 e.
1102 2556 1271 2622 homicidii
1295 2578 1377 2634 reus,
1403 2557 1459 2635 sic,
1481 2576 1502 2619 a
1524 2555 1659 2632 fortiori,

304 2681 392 2744 latro
422 2687 472 2743 est
507 2679 564 2760 qui
595 2677 697 2742 inficit
734 2677 822 2742 malo
851 2678 952 2742 verbo
971 2676 1043 2742 'seu
1080 2679 1168 2743 malo
1203 2679 1360 2762 exemplo
1392 2677 1571 2753 hominem,
1601 2676 1658 2759 qui

306 2802 424 2864 nititur
451 2810 486 2864 et
515 2808 654 2864 conatur
684 2798 849 2862 retrahere
878 2799 922 2863 ab
953 2820 992 2863 eo
1023 2799 1148 2864 bonum
1182 2799 1289 2882 majus
1322 2820 1423 2882 quam
1452 2808 1503 2862 est
1532 2798 1658 2862 bonum

305 2921 498 2986 diviciarum
535 2921 659 2999 mundi,
695 2941 769 3003 quae
807 2922 895 2984 bona
932 2921 1153 2986 indifferencia
1192 2922 1235 2985 ab
1272 2921 1417 3003 antiquis
1453 2918 1659 3002 philosophis

307 3042 528 3109 nominantur.
573 3041 670 3119 Item,
694 3041 750 3124 qui
776 3041 914 3106 retrahit
936 3063 958 3106 a
981 3043 1056 3107 Deo
1081 3043 1209 3107 animas
1231 3063 1291 3125 per
1313 3043 1479 3107 defectum
1501 3042 1579 3106 boni
1600 3041 1659 3104 de-

305 3163 368 3228 biti
394 3163 442 3226 eis
471 3162 579 3240 fiendi,
603 3164 748 3228 latrones
774 3174 852 3228 sunt
879 3184 990 3228 coram
1014 3164 1099 3228 Deo.
1153 3164 1185 3229 Ο
1211 3173 1293 3247 quot
1314 3163 1505 3227 fundatores
1528 3161 1659 3227 ecclesi·

307 3302 412 3361 arum,
436 3285 719 3361 monasteriorum,
744 3295 778 3349 et
800 3285 1013 3369 collegiorum
1035 3286 1106 3368 jam
1129 3306 1241 3350 coram
1265 3286 1342 3349 Deo
1364 3284 1479 3349 dicunt
1500 3283 1658 3361 fundatis,

307 3406 432 3470 ‘Fures
456 3406 542 3484 estis,
565 3405 642 3488 quia
667 3427 768 3488 opera
796 3408 885 3471 bona
915 3418 949 3471 et
971 3407 1086 3471 debita
1114 3427 1180 3470 non
1202 3405 1333 3485 fecistis,
1356 3426 1415 3470 nec
1437 3404 1659 3469 intencionem

306 3526 512 3591 fundacionis
538 3536 659 3589 nostrae
688 3525 818 3605 fecistis,
841 3538 875 3592 et
905 3527 951 3593 sic
977 3528 1128 3592 fraudem
1150 3526 1329 3592 intencioni
1352 3535 1473 3590 nostrae
1499 3535 1535 3590 et
1564 3527 1660 3590 nobis

306 3647 439 3726 fecistis,
458 3647 536 3731 quia
558 3645 629 3711 haec
650 3667 750 3729 opera
770 3648 884 3712 debita
907 3669 973 3711 non
996 3648 1126 3722 fecistis,
1143 3648 1227 3726 ide0,
1242 3648 1320 3711 “Ite
1337 3669 1358 3711 a
1378 3667 1440 3720 me,
1461 3643 1659 3722 maledicti,”

307 3770 389 3834 dicit
407 3769 581 3847 Dominus,
600 3768 684 3833 Mat.
700 3785 719 3833 2
722 3775 766 3852 5⁰.
811 3770 874 3833 Per
890 3790 957 3833 non
978 3770 1159 3835 residentes
1174 3770 1207 3832 in
1229 3769 1314 3833 curis
1328 3768 1396 3831 suis
1418 3777 1452 3832 et
1466 3788 1526 3850 per
1539 3788 1659 3851 appro-

307 3891 508 3973 priacionem
533 3890 743 3954 ecclesiarum
766 3892 912 3955 ecclesiae
935 3903 1083 3974 pereunt,
1104 3900 1138 3955 et
1160 3911 1255 3969 curae,
1277 3900 1312 3954 et
1332 3890 1426 3953 valor
1446 3888 1602 3969 ecclesiae,
1621 3898 1661 3954 ut

305 4009 375 4093 jam
390 4020 484 4094 patet
499 4011 532 4074 in
548 4011 611 4075 hoc
628 4020 777 4095 tempore
790 4014 924 4095 quando
940 4014 1077 4078 diversae
1093 4012 1240 4078 ecclesiae
1250 4020 1330 4076 ante
1344 4011 1660 4095 appropriacionem,

309 4150 384 4194 cum
400 4133 598 4198 residentem
614 4143 775 4198 rectorem
790 4135 985 4215 habuerunt,
1000 4136 1158 4200 valebant
1173 4143 1306 4199 centum
1321 4133 1430 4214 libras,
1445 4143 1488 4212 et,
1504 4153 1586 4196 mox
1600 4151 1661 4215 per

309 4252 614 4335 appropriacionem
638 4264 672 4320 et
695 4264 771 4339 post
799 4277 865 4321 non
892 4257 1116 4334 residenciam,
1138 4256 1197 4322 vix
1223 4255 1361 4322 dimidia
1386 4275 1517 4320 summa
1541 4252 1662 4338 prioris
