3818 4904
301 403 344 466 66
676 414 774 469 Locl
800 413 829 465 E
857 412 981 466 LIBRO
1018 404 1275 466 VERITATUM.

303 629 419 706 michi,’
450 628 555 710 inquit
587 627 729 692 Sanctus
756 627 974 709 Augustinus,
1002 629 1045 689 ‘si
1072 628 1230 708 aliquem,
1258 628 1313 708 qui
1343 648 1417 689 meo
1448 625 1571 688 auxilio
1596 611 1653 685 seu

301 749 432 830 loquela
455 750 604 830 indiguit,
629 749 740 831 repuli,
759 749 810 810 vel
835 749 941 810 minus
963 749 1088 830 aspexi,
1109 748 1162 809 vel
1188 749 1416 811 necessitatem
1442 748 1560 809 animae
1584 765 1653 806 suae

301 870 399 932 nimis
421 869 542 946 distuli,
560 889 667 932 moras
687 867 908 951 protrahendo
932 889 1016 944 eum,
1035 869 1198 930 Dominus
1221 880 1333 931 autem
1352 869 1443 930 Deus
1465 868 1530 930 cito
1555 865 1653 928 michi

301 990 462 1053 auxilium
483 990 575 1052 dedit
589 986 611 1065 ;'
635 989 706 1052 haec
725 981 866 1052 Sanctus
890 988 1105 1069 Augustinus,
1126 990 1242 1052 doctor
1263 990 1414 1063 eximius,
1436 989 1468 1049 in
1494 986 1656 1050 Sermone

300 1109 334 1172 in
360 1110 414 1173 die
436 1110 656 1173 anniversaria
681 1110 900 1172 ordinacionis
921 1130 989 1171 suae
1013 1110 1044 1170 in
1068 1110 1268 1191 episcopum,
1288 1110 1365 1190 quia
1388 1118 1466 1171 tunc
1491 1106 1655 1189 praecipue

302 1229 431 1292 solebat
462 1228 604 1293 Sanctus
629 1228 837 1312 Augustinus
863 1251 962 1292 onera
996 1229 1195 1312 episcopalia
1224 1249 1333 1292 coram
1364 1230 1436 1291 Deo
1467 1225 1656 1291 mentaliter

302 1351 466 1427 reducere,
489 1361 522 1413 et
553 1370 662 1413 eoram
693 1350 815 1433 populo
846 1350 900 1414 illa
931 1351 1117 1432 praedicare,
1143 1359 1178 1411 ut
1209 1348 1355 1412 intimius
1385 1368 1445 1430 pro
1475 1368 1511 1410 se
1541 1365 1654 1428 preces

303 1470 416 1552 populi
439 1470 625 1551 adquireret
648 1471 691 1534 ad
712 1471 832 1544 Deum,
853 1481 888 1532 ut
911 1492 993 1533 onus
1016 1490 1111 1532 suum
1135 1481 1223 1532 recte
1246 1469 1395 1551 impleret
1419 1480 1452 1531 et
1475 1467 1656 1549 perficeret.

304 1588 458 1653 Salvator
494 1602 607 1653 noster
642 1610 809 1671 nunquam
848 1591 974 1653 sanavit
1017 1590 1049 1652 in
1088 1589 1258 1671 evangelio
1295 1589 1439 1670 aliquem
1478 1587 1655 1659 infirmum,

303 1710 461 1791 quamdiu
496 1709 567 1791 ipse
601 1709 754 1773 Salvator
791 1710 883 1772 stetit
918 1712 949 1773 in
982 1719 1103 1784 monte,
1134 1711 1193 1772 sed
1224 1710 1429 1775 descendens
1464 1708 1506 1770 de
1543 1696 1656 1769 monte

303 1831 431 1893 sanavit
465 1829 640 1893 infirmum.
696 1829 751 1894 Sic
785 1831 987 1893 descendant
1025 1829 1162 1911 praelati,
1195 1830 1344 1892 subditos
1379 1849 1456 1891 suos
1493 1828 1655 1899 docendo,

304 1950 514 2025 consulend0,
540 1951 785 2031 compaciend0,
812 1961 845 2012 et
875 1950 1076 2026 auxiliand0‚
1103 1961 1136 2012 et
1170 1961 1248 2012 tunc
1279 1970 1336 2012 eos
1367 1949 1538 2011 sanabunt.
1586 1946 1654 2011 Sed

304 2070 387 2134 heu!
425 2080 507 2151 quot
533 2069 604 2150 jam
634 2071 742 2133 dicere
777 2079 923 2152 possunt,
954 2071 1157 2133 ‘Posuerunt
1190 2092 1243 2133 me
1277 2071 1448 2133 custodem
1481 2069 1513 2131 in
1543 2069 1655 2141 vineis,

303 2191 434 2253 vineam
462 2210 571 2252 meam
602 2210 667 2253 non
698 2187 893 2265 custodivi3’
924 2200 957 2253 et
981 2191 1055 2253 ideo
1079 2192 1110 2252 in
1135 2192 1188 2254 die
1210 2191 1323 2272 judicii
1347 2192 1435 2253 dicet
1460 2190 1540 2252 illud
1566 2189 1657 2251 Deu-

304 2311 478 2374 teronomii
509 2311 625 2392 primo,
652 2306 812 2392 ‘Propter
839 2331 898 2373 vos
927 2311 1028 2374 iratus
1058 2322 1107 2373 est
1140 2311 1238 2374 michi
1263 2310 1445 2382 Dominus,'
1471 2312 1517 2374 sic
1547 2330 1657 2372 revera

304 2431 391 2494 dixit
415 2430 551 2512 Moyses
575 2429 649 2493 filiis
674 2430 786 2504 Israel,
808 2431 964 2513 ‘Propter
987 2453 1045 2493 vos
1068 2432 1168 2494 iratus
1191 2442 1241 2494 est
1267 2432 1366 2494 michi
1391 2427 1572 2506 Dominus,'
1597 2430 1615 2493 i.
1629 2451 1657 2492 e.

304 2561 439 2634 propter
469 2561 641 2632 peccatum
672 2552 890 2614 dubitacionis
925 2572 1007 2614 meae
1040 2554 1082 2615 ad
1121 2573 1224 2634 aquas
1255 2553 1535 2625 contradiccioniS,
1567 2549 1656 2633 quod

305 2682 478 2754 peccatum
506 2671 567 2734 leci
595 2673 767 2734 occasione
793 2671 976 2753 iniquitatis
1003 2683 1128 2748 vestrae,
1160 2674 1237 2755 quia
1264 2674 1419 2755 iniquitas
1445 2672 1558 2755 populi
1588 2693 1658 2733 mo·

305 2792 405 2855 vebat
435 2790 576 2871 Moysen
607 2792 758 2854 dubitare
789 2792 831 2854 de
861 2812 947 2873 aqua
978 2794 1186 2874 perducenda
1217 2795 1259 2857 de
1288 2804 1391 2876 petra.
1437 2780 1660 2856 Consimiliter

306 2912 339 2973 in
363 2911 418 2974 die
445 2912 559 2973 mortis
585 2921 618 2974 et
642 2911 755 2992 judicii
779 2911 866 2975 dicet
892 2913 997 2974 malus
1020 2923 1053 2975 et
1076 2914 1203 2977 ociosus
1228 2924 1261 2976 et
1284 2915 1423 2977 viciosus
1447 2913 1602 2995 praelatus
1626 2923 1659 2976 et

306 3041 446 3108 curatuS,
473 3030 632 3112 ‘Propter
655 3030 732 3110 vos,’
759 3052 803 3095 sc.
830 3032 981 3095 homines
1008 3054 1094 3096 curae
1128 3054 1220 3109 meae,
1246 3035 1435 3115 'quondam
1466 3035 1660 3096 commissos

308 3151 417 3223 michi,
441 3153 542 3215 iratus
565 3163 615 3216 est
640 3151 821 3229 Dominus,’
844 3153 903 3216 i.e.
928 3165 1063 3237 propter
1084 3167 1219 3236 peccata
1243 3176 1317 3236 quae
1340 3176 1398 3217 vos
1423 3154 1544 3218 lecistis
1566 3174 1661 3217 occa·

306 3273 399 3334 sione
429 3273 502 3349 mei,
532 3283 564 3345 et
596 3294 655 3354 per
683 3273 848 3337 defectum
879 3294 999 3352 meum,
1026 3276 1104 3355 quia
1134 3297 1217 3338 onus
1248 3295 1358 3338 meum
1390 3276 1474 3338 circa
1503 3296 1563 3336 vos
1594 3295 1660 3338 non
1726 3300 1729 3306 ·

308 3392 378 3468 leci,
406 3401 440 3455 et
469 3393 556 3454 bona
586 3414 686 3474 opera
715 3393 828 3457 debita
857 3395 962 3471 omisi,
993 3396 1080 3458 mala
1110 3416 1176 3458 non
1207 3397 1363 3472 destruxi,
1386 3416 1446 3459 nee
1476 3406 1591 3459 contra
1621 3416 1660 3458 ea

308 3514 458 3577 debitum
494 3533 604 3576 meum
643 3513 712 3592 feei,
745 3514 918 3592 hortando,
951 3517 1110 3594 docendo
1148 3517 1357 3593 consulend0,
1396 3527 1428 3579 et
1467 3516 1660 3599 exemplum

308 3634 432 3697 bonum
463 3635 649 3716 praebendo,
676 3647 709 3698 et
733 3656 816 3698 onus
848 3657 957 3699 meum
984 3638 1073 3718 quod
1104 3649 1239 3720 propter
1269 3638 1393 3702 lucrum
1422 3638 1473 3700 vel
1501 3637 1660 3700 honorem'

308 3755 513 3818 mundanum
538 3755 670 3837 indigne
696 3758 833 3837 suscepi,
858 3757 994 3838 implere
1018 3759 1145 3835 nescivi,
1171 3760 1257 3831 unde
1280 3759 1472 3841 sanguinem
1496 3754 1661 3833 vestrum,l

309 3875 329 3937 i.
343 3896 370 3940 e.
393 3886 564 3958 peccatum
591 3887 745 3953 vestrum,
768 3878 951 3940 ‘Dominus
972 3869 1020 3941 'de
1044 3899 1142 3941 manu
1168 3900 1241 3942 mea
1266 3879 1414 3961 requirit,'
1439 3880 1500 3942 i.e.
1526 3899 1579 3941 me
1600 3899 1662 3961 pro

311 4015 385 4058 meo
408 3997 493 4060 circa
514 4017 574 4059 vos
603 3997 733 4061 defectu
760 3998 960 4061 aeternaliter
982 4001 1086 4081 punit,
1111 4009 1146 4061 ut
1178 4010 1270 4081 patet
1295 3999 1479 4064 Ezechielis
1503 3999 1551 4080 iij⁰
1574 4001 1663 4081 capi-

310 4116 401 4192 tulo;
425 4127 458 4179 et
479 4116 621 4180 Sanctus
637 4117 856 4199 Augustinus,
874 4121 906 4180 in
929 4120 1040 4183 libello
1063 4141 1123 4183 suo
1147 4121 1189 4183 dc
1213 4121 1405 4202 pastoribus,
1426 4121 1489 4184 hoc
1512 4130 1663 4195 testatur,

313 4235 432 4301 ‘Unde
455 4248 589 4319 propter
607 4259 665 4302 vos
686 4239 787 4301 iratus
805 4260 840 4303 es
862 4240 959 4303 michi
979 4241 1153 4318 Dominus,
1169 4242 1189 4303 i.
1201 4263 1227 4304 e.
1245 4253 1379 4324 propter
1400 4253 1535 4323 peccata
1555 4251 1664 4305 vestra
