3818 4904
657 431 756 486 LOCI
781 432 812 485 E
840 431 966 485 LIBRO
1000 431 1261 488 VERITATUM.
1578 434 1638 506 179

368 651 405 720 [p.
425 654 493 722 397]
522 654 726 711 Praedioaro.
759 647 834 730 Ego
857 648 956 723 enim,
972 646 1122 711 Thomas
1145 647 1340 731 Gascoigne,
1362 656 1499 712 vocatus
1521 649 1639 711 doctor

279 758 482 849 Theologiae‚
511 778 545 833 et
576 767 798 832 Cancellarius
830 768 941 832 Studii
969 769 1202 833 Universitatis
1233 769 1387 849 Oxoniae,
1418 769 1640 833 Eboracensis

279 884 428 965 diocesis,
451 889 612 954 submitto
643 910 705 968 me,
731 899 766 954 et
792 890 955 972 meipsum
982 890 1086 953 offero
1117 890 1351 954 misericordiae
1378 890 1451 969 Dei,
1479 912 1519 953 eo
1546 891 1637 973 quod

280 1022 346 1067 non
362 1009 539 1088 praedicavi
563 1009 694 1091 publice
716 1010 881 1093 quociens,
896 1019 933 1072 ut
956 1011 1064 1084 credo,
1082 1010 1128 1074 sic
1152 1011 1394 1093 praedicassem.
1419 1010 1532 1074 -Anno
1548 1011 1636 1074 enim

279 1123 416 1189 Domini
442 1129 522 1210 Jesu
548 1130 707 1194 incarnati
731 1138 801 1193 mm⁰
823 1137 936 1194 cccc¹¹¹⁰
958 1131 1078 1213 xxvij0,
1103 1131 1148 1193 sui
1173 1133 1344 1196 ordinatus
1371 1132 1405 1195 in
1428 1133 1637 1195 sacerdotem

279 1245 312 1306 in
337 1246 475 1312 ecclesia
500 1250 703 1333 praebendali
730 1251 870 1328 Thame,
895 1250 1137 1315 Lincolniensis
1164 1253 1311 1330 diocesis,
1336 1252 1533 1316 auctoritate
1557 1253 1640 1341 doc-⁶

278 1367 359 1431 toris
388 1369 584 1453 Theologiae
612 1373 761 1454 magistri
789 1373 922 1436 Ricardi
951 1372 1161 1455 Flemmyng,
1189 1381 1269 1437 tunc
1296 1373 1443 1455 episcopi
1470 1372 1638 1436 Lincolni-

278 1489 374 1564 ensis,
406 1491 475 1554 nati
511 1492 545 1553 in
574 1492 697 1556 diocesi
728 1492 901 1571 Eborum3
932 1503 966 1558 et
996 1494 1039 1557 ab
1070 1493 1128 1557 illo
1157 1514 1246 1557 anno
1273 1493 1411 1556 Domini
1438 1500 1510 1557 m¹¹²⁰
1525 1501 1640 1558 ccccml

277 1609 389 1690 xxvij⁰
418 1611 526 1689 cred0,
550 1613 639 1695 quod
671 1634 735 1695 ego
766 1613 864 1676 miser
887 1612 1037 1677 Thomas
1063 1612 1251 1697 Gascoigne
1280 1613 1457 1696 praedicavi
1487 1615 1641 1697 quolibet

277 1748 366 1792 anno
392 1731 425 1793 in
452 1733 589 1795 diversis
616 1732 696 1796 locis
720 1741 797 1815 post
823 1754 947 1796 annum
970 1735 1168 1817 praedictum
1192 1735 1363 1816 usquead
1388 1755 1513 1798 annum
1536 1736 1638 1799 istum

277 1849 311 1911 in
341 1870 409 1932 quo
439 1850 511 1916 haee
541 1854 664 1937 scripsi,
694 1855 714 1916 i.
731 1875 758 1916 e.
782 1853 933 1936 quolibet
962 1876 1050 1919 anno
1080 1857 1124 1919 ab
1147 1874 1236 1919 anno
1259 1855 1320 1919 Xti
1343 1855 1503 1919 incarnati
1526 1856 1639 1937 xxvija

278 1990 383 2052 usque
416 1972 460 2035 ad
498 1993 623 2036 annum
654 1973 714 2037 Xti
745 1984 802 2037 mm
832 1985 929 2039 ccccm
962 1976 1276 2059 quinquagesimum
1306 1974 1370 2056 vjm,
1401 1974 1434 2038 in
1464 1996 1532 2058 quo
1565 1976 1638 2041 haec

276 2091 401 2174 scripsi.
447 2091 515 2157 Sed
539 2093 700 2172 miserere,
723 2095 886 2173 miserere,
911 2095 1066 2159 miserere
1089 2095 1164 2173 mei,
1182 2094 1330 2177 piissime
1352 2095 1451 2176 Jesu!
1475 2095 1553 2178 quia
1576 2117 1637 2160 nec

274 2213 453 2295 praedicavi
472 2215 599 2278 tociens
620 2224 656 2278 ut
679 2214 788 2289 debui,
804 2236 864 2279 nec
888 2215 920 2278 in
940 2225 992 2279 tot
1014 2215 1095 2280 locis
1116 2216 1236 2298 quibus
1259 2216 1368 2293 debui,
1388 2236 1449 2279 nec
1468 2225 1506 2280 ut
1526 2217 1637 2280 debui.

276 2332 307 2397 Ο
333 2334 436 2412 Deus,
459 2335 671 2418 omnipotens
700 2346 735 2400 et
765 2336 952 2400 misericor!
986 2345 1023 2401 tu
1054 2337 1118 2401 scis
1149 2356 1265 2400 causas
1296 2357 1398 2411 meas,
1424 2356 1486 2418 pro
1516 2336 1638 2418 quibus

276 2453 310 2515 in
341 2453 412 2517 istis
445 2455 551 2535 xxviij
580 2457 674 2519 annis
711 2458 890 2538 praedicavi
919 2456 1022 2520 verba
1051 2465 1118 2533 tua,
1148 2457 1176 2520 si
1206 2476 1272 2519 non
1303 2456 1430 2519 tociens
1459 2464 1497 2519 ut
1526 2456 1637 2532 debui,

274 2574 360 2637 sicut
381 2595 445 2657 ego
467 2577 578 2639 eredo.
624 2576 770 2641 Domine
792 2578 891 2660 Jesul
924 2579 1079 2641 miserere
1102 2577 1167 2640 mei
1190 2576 1300 2640 miseri
1322 2576 1381 2641 tui.

362 2704 400 2771 [p.
423 2705 494 2771 409]
537 2705 757 2763 Praedicator.
803 2698 958 2763 Modemi
989 2699 1087 2775 enim,
1119 2697 1242 2761 inimici
1272 2696 1431 2775 veritatis,
1461 2696 1636 2762 audientes

273 2837 460 2883 sermonem
484 2819 633 2882 veritatis
656 2821 789 2884 dicunt:
817 2820 905 2882 ‘Iste
927 2839 1037 2882 sermo
1060 2839 1127 2882 non
1145 2818 1249 2882 habet
1267 2817 1417 2896 sormam,
1435 2827 1488 2882 set
1506 2816 1637 2882 locutus

274 2948 335 3016 est,
365 2947 399 3002 et
429 2938 566 3002 nescivit
596 2960 673 3022 quae
702 2940 799 3016 dixit,
827 2959 887 3003 nec
919 2939 1085 3002 intellexit
1115 2959 1190 3021 quae
1221 2937 1317 3016 dixit,
1348 2957 1408 3001 nec
1438 2937 1541 3001 habet
1570 2938 1636 3001 sor·

274 3070 402 3123 matum
427 3058 596 3140 ingenium
609 3061 629 3134 ;'
660 3061 739 3143 quia
762 3059 955 3142 praedicavit
982 3080 1022 3123 ea
1045 3079 1120 3141 quae
1146 3068 1225 3123 sunt
1251 3066 1366 3122 contra
1392 3078 1507 3122 eorum
1533 3077 1636 3140 appe-

274 3181 374 3244 titum
391 3190 424 3244 et
440 3191 556 3246 contra
568 3201 681 3245 eorum
698 3203 825 3258 mores;
848 3181 954 3244 forma
970 3179 1058 3244 enim
1074 3179 1187 3244 debita
1207 3181 1240 3242 in
1256 3200 1408 3243 sermone
1423 3187 1483 3254 est,
1500 3180 1635 3261 quando

272 3320 324 3364 res
342 3300 529 3366 declaratur
544 3312 578 3367 et
596 3301 834 3380 manifestatur,
851 3310 885 3364 et
905 3302 987 3365 ordo
1008 3300 1140 3365 dicendi
1159 3300 1307 3381 sequitur
1329 3299 1480 3364 ordinem
1502 3299 1633 3363 essendi

272 3423 306 3485 in
333 3424 440 3487 rebus.
486 3423 637 3489 Christus
661 3424 758 3501 enim,
784 3423 818 3486 in
845 3421 1018 3504 evangelio
1044 3442 1104 3484 suo
1131 3441 1191 3503 per
1216 3441 1292 3484 eum
1317 3420 1507 3502 praedicato,
1531 3417 1634 3483 talem

271 3543 424 3608 ordinem
449 3547 592 3610 servavit
620 3545 652 3608 in
679 3545 831 3619 dicend0,
855 3544 944 3626 quod
968 3544 1011 3605 de
1034 3542 1181 3605 materiis
1203 3539 1417 3604 dissimilibus
1440 3547 1474 3604 et
1496 3539 1634 3604 diversis

272 3673 308 3728 et
338 3665 524 3747 disparibus
557 3666 641 3730 infra
671 3666 772 3729 breve
801 3666 950 3747 spacium
980 3665 1140 3745 temporis
1172 3661 1378 3744 loquebatur,
1409 3669 1445 3724 ut
1474 3668 1569 3742 patet
1599 3661 1633 3724 in

271 3785 409 3849 diversis
432 3786 513 3850 locis
535 3786 707 3869 evangelii.
753 3786 876 3849 Forma
899 3785 987 3848 enim
1010 3785 1137 3847 curiosa
1158 3782 1289 3846 dicendi
1312 3780 1453 3863 impedit
1474 3779 1632 3861 noticiam

272 3906 422 3969 materiae
445 3909 694 3988 cognoscendae,
710 3916 743 3970 et
764 3927 830 3970 non
852 3904 1042 3969 manifestat
1060 3903 1245 3978 veritatem,
1262 3902 1348 3966 sicut
1368 3899 1634 3965 manifestaretur

272 4025 307 4089 in
337 4026 444 4108 planis
473 4028 582 4090 verbis
611 4028 717 4102 bonis,
748 4038 782 4092 et
813 4026 921 4090 modis
948 4025 1080 4089 dicendi
1111 4025 1247 4107 quando
1276 4043 1390 4087 verum
1420 4021 1566 4096 docetur,
1597 4030 1632 4085 et

274 4147 481 4229 ‘intelligunt
510 4147 704 4225 audientes?
735 4148 842 4230 inquit
872 4146 1093 4229 Augustinus,
1126 4146 1179 4209 De
1212 4143 1362 4208 doctrina
1393 4140 1540 4220 Xtiana;
1573 4141 1631 4223 qui

271 4268 360 4331 enim
390 4270 588 4351 expressiori
616 4272 715 4335 modo
738 4279 771 4335 et
794 4268 932 4351 planiori
956 4267 1032 4332 stilo
1060 4288 1127 4332 non
1154 4266 1334 4349 loquuntur
1356 4262 1489 4347 popu10,
1513 4261 1632 4351 ‘nichil

905 4388 929 4433 n
945 4393 965 4435 a
983 4389 1000 4435 2
