3818 4904
690 449 790 504 LOCI
815 449 845 501 E
873 449 998 504 LIBRO
1033 450 1293 504 VERITATUM.
1630 453 1665 504 11

313 669 481 725 teneretur
511 660 574 726 hoc
605 662 712 726 lacere
742 683 853 726 coram
884 683 943 725 suo
974 662 1162 724 diocesano.
1219 660 1305 724 Item
1337 660 1506 742 pecierunt
1536 661 1594 725 xl⁸.
1619 662 1667 726 in·

313 770 448 858 stanter,
474 782 621 846 dicentes
651 783 740 865 quod
774 778 922 871 [nol]unt
953 782 1034 844 dare
1063 781 1234 845 licenciam
1265 781 1298 844 in
1329 777 1599 870 anachor[etum]
1631 792 1668 846 ut

313 902 527 965 translaretur
549 904 591 967 de
615 924 679 966 uno
702 903 775 966 loco
797 911 941 985 angusto
965 903 997 964 in
1021 901 1122 964 alium
1146 901 1254 965 locum
1277 901 1473 984 spaciosum,
1489 903 1550 965 nisi
1572 903 1667 968 daret

313 1023 439 1086 eisdem
470 1022 528 1087 xl·.
556 1033 589 1087 et
620 1023 684 1086 illis
714 1024 802 1087 datis
831 1022 923 1087 licuit
956 1023 1047 1104 quod
1078 1022 1124 1085 eis
1157 1020 1302 1103 placuit:
1341 1031 1374 1084 et
1404 1023 1452 1086 sic
1481 1019 1550 1086 vae!
1588 1023 1667 1105 quia

312 1151 365 1206 tot
394 1152 471 1206 sunt
500 1143 655 1222 tenebrae,
682 1144 740 1206 sed
770 1144 814 1207 sit
843 1144 936 1206 Deus
963 1141 1080 1223 judex,
1112 1151 1146 1204 et
1175 1142 1288 1205 videat
1318 1150 1353 1205 et
1380 1141 1507 1222 judicet
1533 1160 1667 1207 causam

313 1282 432 1341 meam,
463 1263 569 1346 primo
600 1263 732 1346 Regum
763 1280 814 1340 24.
873 1264 959 1327 item
987 1261 1057 1343 jam
1088 1262 1193 1325 curati
1223 1261 1348 1326 habent
1377 1262 1410 1325 in
1437 1263 1603 1327 mandatis
1633 1262 1667 1327 in

313 1403 379 1445 una
408 1382 530 1447 diocesi
564 1383 664 1448 michi
691 1393 778 1460 nota,
801 1383 891 1465 quod
919 1382 1045 1445 nullum
1072 1380 1245 1445 absolvant
1277 1382 1321 1446 de
1350 1402 1410 1445 sua
1439 1382 1594 1464 parochia
1623 1383 1667 1447 de

311 1523 400 1567 anno
435 1504 468 1565 in
507 1523 630 1566 annum
666 1503 727 1566 nisi
761 1504 893 1566 solvant
930 1511 1009 1566 ante
1045 1501 1291 1566 absolucionem
1326 1511 1454 1567 tantam
1492 1505 1666 1585 pecuniam

311 1633 472 1706 quantam
499 1623 648 1705 praedicti
675 1624 820 1687 officiarii
847 1623 994 1705 episcopi
1025 1621 1218 1705 praecipiunt
1249 1623 1371 1686 curatis
1398 1622 1570 1706 injungere
1600 1624 1667 1687 suis

311 1742 527 1826 parochianis,
563 1753 597 1806 et
631 1742 746 1807 dicunt
781 1745 872 1826 quod
906 1742 961 1805 illa
995 1763 1127 1807 summa
1159 1743 1311 1807 transibit
1344 1745 1387 1807 ad
1421 1744 1666 1825 reparacionem

313 1863 460 1928 ecclesiae
486 1863 693 1941 cathedralis,
716 1885 791 1946 quae
819 1875 870 1927 est
895 1863 994 1927 valde
1016 1862 1133 1927 dotata
1158 1863 1254 1927 bonis
1279 1863 1417 1927 terrenis
1441 1863 1525 1927 inter
1551 1883 1667 1927 omnes

311 1983 465 2049 ecclesias
485 1985 585 2067 regni,
602 1996 636 2048 et
660 1993 841 2066 posuenmt
861 1984 904 2046 ad
928 1983 1057 2046 firmam
1081 2004 1349 2066 unamquamque
1372 1983 1582 2047 ecclesiarum
1605 2004 1666 2066 pro

310 2103 367 2167 illa
393 2104 541 2187 pecunia,
569 2114 602 2168 et
630 2114 762 2168 curatus
790 2104 845 2187 qui
870 2103 998 2186 accepit
1022 2105 1065 2167 ad
1091 2104 1221 2167 firmam
1247 2125 1347 2168 unam
1373 2103 1545 2168 ecclesiam
1570 2124 1667 2187 paro·

310 2224 451 2288 chialem
482 2245 542 2306 pro
573 2244 638 2287 uno
671 2224 773 2288 nobili
804 2224 964 2288 solvendo
995 2224 1142 2288 ecclesiae
1172 2224 1352 2289 cathedrali
1383 2224 1533 2307 quolibet
1566 2245 1665 2301 ann0,

310 2346 358 2409 ita
381 2344 524 2427 injungit
546 2345 579 2406 in
602 2344 806 2408 confessione
833 2344 1106 2427 parochianorum
1132 2366 1265 2408 suorum
1289 2365 1419 2429 paenam
1443 2345 1665 2427 pecuniariam

310 2465 389 2549 quia
426 2465 554 2547 accepit
592 2485 635 2528 xc
672 2465 797 2528 solidos
831 2464 874 2529 ab
908 2465 1033 2529 eisdem
1071 2466 1133 2528 sub
1171 2466 1279 2530 colore
1312 2465 1461 2548 pecuniae
1498 2464 1666 2529 solvendae

310 2585 451 2650 aedificio
474 2593 508 2649 et
531 2586 721 2649 necessariis
742 2586 887 2650 ecclesiae
911 2587 1056 2651 matricis
1079 2586 1228 2668 quolibet
1251 2606 1346 2662 anno,
1371 2596 1405 2650 et
1427 2587 1515 2649 istud
1540 2586 1665 2650 malum

310 2706 433 2789 incepit
457 2707 541 2770 circa
565 2727 688 2769 annum
714 2706 839 2770 domini
865 2716 922 2769 mm
946 2717 1042 2771 ccccm
1066 2706 1112 2770 xl.

398 2837 438 2904 [p.
465 2836 530 2903 165]
568 2834 722 2891 castitas.
786 2827 918 2890 Nobilis
956 2828 1124 2890 memoriae
1162 2828 1279 2891 doctor
1316 2827 1478 2910 Magister
1514 2827 1666 2891 Thomas

309 2947 462 3025 Walden‚
492 2947 574 3011 alias
605 2948 735 3021 Nettar‚
767 2968 868 3012 sacrae
897 2947 1091 3029 Theologiae
1120 2948 1237 3012 doctor
1267 2947 1470 3012 Oxoniensis
1500 2959 1535 3013 et
1564 2947 1666 3013 irater

312 3067 628 3146 Carmelita,-obiit
659 3069 692 3131 in
720 3068 867 3132 Domino
898 3069 931 3131 in
962 3068 1096 3132 civitate
1123 3067 1372 3151 Rotomagensi‚
1401 3070 1547 3133 existens
1577 3070 1666 3152 prius

310 3188 477 3253 confessor
498 3188 634 3252 Henrici
657 3189 764 3271 quinti
787 3199 821 3253 et
843 3199 961 3271 postea
983 3187 1121 3252 Henrici
1144 3191 1232 3253 sexti
1256 3209 1370 3271 regum
1389 3189 1557 3272 Angliae3
1580 3190 1665 3254 sole·

309 3309 392 3374 bant
408 3311 496 3373 enim
512 3329 605 3391 reges
621 3308 756 3391 Angliae
772 3309 894 3374 habere
911 3310 943 3372 in
963 3330 1042 3373 suos
1063 3309 1265 3374 consessores
1279 3310 1385 3374 bonos
1400 3311 1554 3375 doctores
1569 3310 1665 3374 theo·

310 3431 414 3513 logos,
430 3451 497 3493 non
516 3431 698 3512 episcopos.
746 3430 911 3495 Henricus
935 3431 1022 3494 enim
1043 3440 1161 3494 sextus
1181 3430 1242 3496 suit
1264 3430 1388 3514 primus
1410 3451 1469 3495 rex
1490 3432 1523 3494 in
1539 3431 1665 3512 Anglia

309 3552 366 3635 qui
385 3550 502 3615 habuit
523 3551 715 3634 episcopum
736 3552 892 3616 continue
912 3572 1024 3615 secum
1047 3562 1235 3615 manentem
1258 3552 1291 3615 in
1314 3573 1410 3615 suum
1435 3553 1665 3631 confessorem,

310 3673 504 3755 episcopum
528 3669 647 3736 Sarum
667 3670 853 3736 Willelmus
879 3672 1030 3751 Hachke‚
1048 3673 1105 3756 qui
1126 3693 1147 3736 a
1168 3674 1235 3737 suis
1254 3673 1437 3738 diocesanis
1455 3674 1581 3736 occisus
1603 3672 1666 3738 suit

309 3814 397 3858 anno
413 3792 474 3857 Xti
494 3804 585 3872 1450,
601 3813 641 3856 eo
657 3794 747 3875 quod
764 3813 830 3856 non
846 3794 1011 3857 residebat
1028 3795 1061 3856 in
1077 3795 1278 3877 episcopatu,
1294 3805 1331 3858 ut
1346 3796 1525 3859 dicebatur.

397 3923 431 3990 [p.
456 3922 526 3987 203]
571 3922 698 3977 contra
730 3922 856 3977 caudas
888 3921 1104 3978 dominarum
1113 3915 1135 3978 ¹.
1182 3916 1268 3979 Item
1299 3916 1384 3979 tales
1414 3916 1537 3979 caudas
1567 3914 1665 3977 relin-

309 4043 448 4118 querent
476 4034 630 4109 dominae,
658 4043 694 4097 ut
721 4035 847 4116 priores
873 4044 1005 4099 sanctas
1033 4037 1185 4100 dominas
1211 4046 1245 4100 et
1271 4038 1346 4101 Deo
1376 4044 1530 4118 acceptas
1557 4037 1665 4099 imita·

309 4164 431 4232 rentur,
460 4155 516 4237 qui
557 4154 678 4218 talibus
716 4177 784 4218 usae
820 4177 886 4219 non
924 4156 1062 4220 luerunt.
1119 4158 1208 4221 Nam
1247 4158 1427 4221 secundum
1467 4156 1664 4221 relacionem

425 4290 432 4320 ¹
451 4291 504 4340 Ista
521 4290 600 4340 cauda
618 4307 672 4355 quie
691 4291 797 4356 Anglice
815 4293 916 4357 ‘trayn'
934 4301 1038 4342 vocatur
1054 4294 1112 4357 quia
1131 4294 1242 4349 trahitur,
1259 4301 1283 4343 et
1301 4294 1333 4342 ad
1351 4293 1445 4342 malum
1463 4291 1546 4343 trahit.

959 4393 979 4440 C
1000 4396 1015 4439 2
