3818 4904
303 422 363 481 104
675 408 774 463 noc!
798 409 828 462 E
857 408 981 463 aluno
1016 406 1273 466 VERJTATUM.

300 635 407 690 erecto
430 623 534 689 crucis
560 624 593 685 in
617 623 748 698 vexillo,
772 632 904 686 etcum
927 618 1026 685 armis
1048 622 1151 704 ipsius
1177 643 1273 705 papae
1298 620 1431 701 Calixti,
1453 625 1497 687 ad
1521 625 1648 687 denun-

299 746 453 810 ciandum
481 745 615 808 nomine
640 743 790 824 ejusdem
816 764 913 826 papae
939 743 1182 826 indulgenciam
1209 743 1314 825 culpae
1342 755 1375 807 et
1402 764 1510 827 poenae
1538 765 1648 807 coram

301 866 375 930 Deo
397 866 470 930 aliis
496 864 683 928 hominibus
705 865 762 946 qui
784 863 896 927 debite
922 874 1037 927 contra
1059 863 1186 926 Turcos
1211 884 1360 945 paganos
1386 864 1429 927 ad
1457 863 1647 928 bellandum

299 987 582 1070 progrederentur,
603 983 655 1047 vel
679 1005 778 1048 naves
801 994 834 1047 et
857 985 1012 1066 pecunias
1035 992 1149 1047 contra
1170 1004 1227 1046 eos
1249 994 1480 1065 praepararent,
1502 984 1555 1046 vel
1577 984 1648 1047 haec

299 1115 521 1189 procurarent,
550 1115 584 1169 et
614 1107 659 1168 sic
689 1105 807 1187 plureS,
831 1115 866 1168 ut
893 1106 1020 1180 dicitur,
1044 1126 1079 1167 se
1107 1104 1197 1187 ipsos
1222 1106 1266 1168 ail
1292 1104 1356 1168 hoc
1382 1116 1648 1186 praeparaverunt

298 1247 386 1291 anno
405 1226 541 1290 Domini
563 1231 633 1287 m¹¹¹⁰
648 1230 759 1289 ccccmo
774 1225 1049 1307 quinquagesimo
1070 1236 1176 1302 sext0,
1192 1223 1225 1286 in
1241 1226 1491 1306 computacione
1506 1225 1649 1308 Angliae‚

299 1348 417 1411 eodem
441 1346 564 1410 scilicet
586 1366 674 1409 anno
697 1346 730 1408 in
746 1365 812 1426 quo
833 1344 1016 1409 Lumbardi
1040 1345 1165 1409 confusi
1187 1355 1263 1408 sunt
1287 1353 1320 1408 et
1343 1345 1483 1409 convicti
1506 1355 1540 1409 et
1559 1364 1650 1408 vere-

299 1468 433 1532 cundati
458 1487 519 1549 per
544 1466 706 1548 Anglicos
732 1474 810 1530 tunc
837 1465 1019 1529 existentes
1048 1466 1081 1527 in
1108 1463 1185 1527 villa
1213 1465 1331 1546 Burgae
1358 1465 1391 1527 in
1419 1464 1583 1541 Flandria‚
1609 1487 1650 1529 eo

298 1590 389 1671 quod
409 1588 470 1671 ipsi
487 1587 670 1651 Lumbardi
686 1587 851 1664 dixerunt,
867 1586 901 1649 in
923 1587 1040 1650 eadem
1060 1585 1147 1661 villa,
1163 1604 1274 1666 regem
1289 1584 1424 1666 Angliae
1443 1594 1478 1649 et
1496 1586 1649 1650 dominos

298 1720 333 1775 et
359 1718 555 1774 mercatores
581 1708 717 1790 Angliae
747 1728 863 1772 omnes
893 1728 965 1771 esse
994 1706 1103 1785 salsos,
1129 1706 1216 1768 unde
1241 1726 1301 1788 per
1326 1706 1472 1787 judicem
1497 1706 1585 1769 villae
1615 1717 1650 1773 et

297 1829 460 1912 Anglicos
486 1829 530 1893 ibi
557 1829 738 1893 existentes
764 1828 858 1911 plura
885 1828 1029 1911 perpessi
1053 1836 1137 1904 sunt,
1160 1835 1202 1905 et,
1226 1837 1262 1890 ut
1285 1827 1429 1891 creditur
1450 1849 1470 1890 a
1491 1827 1650 1910 pluribus,

299 1954 416 2015 merito
437 1961 547 2014 essent
568 1949 756 2032 expellendi
772 1950 815 2012 ab
831 1949 966 2032 Anglia.
1012 1947 1230 2012 Marcimonia
1248 1949 1335 2011 enim
1351 1948 1539 2030 Anglorum
1555 1950 1649 2031 quasi

297 2071 341 2136 ad
365 2071 464 2136 nichil
487 2072 708 2145 deduxemnt‚
729 2080 762 2134 et
781 2072 927 2153 precium
947 2091 1064 2148 rerum,
1079 2090 1162 2152 quas
1184 2069 1245 2152 ipsi
1270 2069 1452 2135 Lumbardi
1475 2073 1508 2134 in
1523 2071 1650 2154 Anglia

297 2194 453 2270 vendunt,
470 2193 698 2256 exaltaverunt
721 2194 753 2255 in
777 2191 902 2274 Anglia
924 2214 944 2256 a
964 2201 1107 2274 quatuor
1127 2190 1242 2254 solidis
1266 2213 1370 2274 usque
1392 2193 1435 2256 ad
1458 2193 1502 2275 iiij
1528 2194 1650 2257 nobilia

297 2312 496 2396 Anglorum.
525 2312 555 2376 O
573 2313 710 2396 Anglial
732 2313 870 2396 Anglia!
896 2313 970 2377 Osi
987 2313 1133 2377 miserias
1149 2323 1223 2377 tuas
1239 2315 1387 2397 proprias
1405 2315 1518 2379 debite
1532 2336 1650 2397 pensa-

297 2455 357 2514 res,
373 2444 407 2498 et
427 2443 564 2516 peccata
585 2443 643 2498 tua
661 2434 773 2499 debite
794 2435 975 2517 plangeres,
997 2444 1034 2498 ut
1051 2433 1183 2497 veniam
1204 2454 1316 2499 coram
1332 2435 1407 2498 Deo
1427 2436 1604 2499 mererere!

384 2563 424 2631 [p.
451 2562 519 2630 522]
556 2555 681 2619 Utrum
709 2555 742 2618 in
767 2557 884 2619 eadem
909 2554 986 2618 fidei
1009 2553 1124 2630 forma,
1151 2554 1172 2617 i.
1184 2576 1211 2619 e.
1234 2555 1267 2618 in
1291 2556 1458 2620 autentico
1488 2556 1650 2639 symbolo,

297 2678 386 2759 quod
410 2676 550 2758 apostoli
574 2677 789 2755 tradiderunt,
804 2677 868 2739 hoc
891 2677 1049 2759 scriptum
1074 2674 1243 2758 legeritis?
1282 2675 1327 2740 Et
1350 2677 1437 2741 istud
1462 2688 1513 2742 est
1536 2689 1651 2743 contra

299 2796 523 2879 Reginaldum
549 2795 669 2875 Pecok,
692 2796 878 2874 Wallicum,
905 2798 969 2860 isto
995 2817 1083 2860 anno
1112 2809 1192 2878 1457
1224 2797 1425 2861 existentem
1457 2800 1648 2880 episcopum

300 2916 547 2994 Cicestrensem,
574 2938 632 2998 per
661 2919 761 2982 istum
788 2926 905 2981 vocato
930 2916 1138 2995 ‘Provoker,’
1163 2917 1352 2999 symbolum
1378 2938 1553 2982 commune
1584 2941 1650 2983 non

297 3057 370 3101 esse
400 3037 626 3120 apostolorum
654 3039 713 3102 Xti
744 3040 802 3103 sed
834 3038 997 3103 novellam
1020 3058 1092 3102 esse
1118 3038 1345 3103 invencionem
1368 3060 1388 3102 a
1412 3040 1503 3103 nullo
1533 3040 1650 3104 clerico

297 3156 517 3222 allocandam.

385 3287 449 3352 [In]
494 3279 530 3344 Si
556 3280 630 3362 quis
660 3290 711 3345 est
740 3281 825 3359 talis,
851 3281 908 3363 qui
938 3279 1037 3344 nichil
1067 3280 1139 3344 vult
1166 3283 1299 3346 credere
1328 3284 1418 3364 quod
1449 3303 1515 3346 non
1544 3282 1650 3366 possit

297 3399 482 3463 racionibus
507 3401 708 3465 naturalibus
732 3402 880 3484 probare,
900 3401 989 3483 quod
1010 3410 1062 3465 est
1082 3423 1153 3465 esse
1174 3403 1358 3485 sapientem
1379 3404 1412 3466 in
1434 3403 1498 3468 hoc
1518 3403 1649 3483 saeculo,

296 3521 446 3585 dimittat
471 3519 557 3584 hanc
582 3522 784 3604 sapienciam
810 3533 844 3587 et
869 3522 982 3586 credat
1007 3523 1204 3587 auctoritate
1228 3525 1335 3606 primo
1358 3523 1429 3588 sine
1451 3524 1590 3603 racione,
1614 3533 1652 3588 ut

296 3641 434 3706 tandem
456 3641 499 3705 sit
522 3641 661 3724 sapiens,
683 3664 760 3707 vere
782 3644 949 3725 attingens
968 3642 1011 3707 ad
1035 3643 1209 3707 scienciam
1234 3665 1348 3708 eorum
1369 3666 1444 3727 quae
1469 3665 1568 3728 supra
1593 3664 1651 3708 na·

296 3769 406 3825 turam
433 3770 519 3840 sunt,
542 3783 608 3826 non
635 3784 695 3847 per
720 3764 987 3846 perturbaciones
1015 3765 1189 3843 naturales,
1216 3767 1274 3830 sed
1301 3786 1359 3848 per
1390 3766 1537 3830 raciones
1563 3766 1651 3830 ordi-

299 3883 415 3960 narias,
440 3903 515 3964 quae
543 3895 729 3950 monstrant
760 3885 824 3950 Dei
855 3885 1144 3969 omnipotenciam,
1169 3887 1378 3968 sapienciam,
1404 3896 1438 3951 et
1464 3876 1649 3951 bonitatem

297 4022 485 4085 congruere,
508 4013 546 4068 ut
568 4005 649 4070 talia
671 4006 780 4072 faciat.
827 4008 911 4071 Haec
936 4007 1090 4071 dominus
1113 4007 1254 4070 Lincoln
1276 4028 1375 4090 super
1398 4015 1531 4072 textum
1555 4007 1651 4092 Apo·

298 4123 374 4187 stoli
399 4124 491 4188 Pauli
514 4127 557 4190 ad
583 4125 659 4191 Cor.
682 4138 718 4212 3⁰
741 4134 826 4211 cap⁰.

385 4254 423 4321 [p.
441 4255 512 4322 52s·]
556 4255 809 4314 Fornioaoionis
837 4257 933 4325 signa
962 4261 1022 4315 aut
1051 4257 1187 4315 motiva.
1233 4250 1308 4316 Noe
1336 4250 1549 4315 maledictum
1578 4270 1650 4315 esse
