3818 4904
297 387 358 452 180
673 404 773 460 LOCI
798 406 828 458 E
857 405 981 459 LIBRO
1017 405 1277 461 VERITATUM.

294 618 470 701 paciuntur
498 627 597 704 super
623 621 825 685 contricione
855 618 1013 702 Josephi,'
1040 618 1160 695 Amos,
1188 630 1288 684 sexto
1319 620 1474 704 capitulo,
1500 620 1558 685 i.e.
1590 641 1656 684 non

296 741 556 822 compaciuntur,
578 763 638 806 nec
661 743 776 805 dolent
799 762 858 824 pro
880 741 1019 823 illisqui
1040 752 1182 823 pereunt
1201 763 1261 824 per
1279 743 1447 806 defectum
1466 742 1607 820 noticiae,
1623 724 1657 807 et

294 858 376 924 boni
397 871 542 926 rectores
561 872 595 926 et
615 863 693 926 boni
713 862 860 944 exempli
879 861 964 926 tales
985 863 1108 941 dicunt,
1130 863 1220 926 ‘dies
1243 863 1369 944 priores
1391 864 1543 927 meliores
1564 873 1657 927 erant

296 1001 400 1063 quam
430 980 502 1047 isti!
548 983 697 1047 Stultum
725 992 776 1046 est
803 983 892 1045 enim
921 982 1039 1045 referre
1065 985 1109 1046 ad
1134 993 1286 1064 tempora
1313 1005 1389 1048 cum
1415 985 1449 1047 in
1476 994 1589 1048 nostra
1613 984 1657 1047 sit

295 1111 464 1184 potestate
487 1103 540 1168 vel
567 1105 692 1167 bonum
716 1105 805 1167 diem
830 1103 937 1167 lacere
965 1104 1060 1167 nobis
1081 1103 1134 1167 vel
1158 1105 1293 1182 malum,
1319 1114 1355 1167 ut
1381 1105 1486 1188 inquit
1514 1104 1658 1170 Sanctus

297 1221 487 1303 Jeronimus
510 1245 608 1306 super
629 1223 738 1288 Amos
761 1223 968 1306 prophetam,
992 1231 1054 1287 ca0.
1079 1221 1137 1306 vj0.

385 1353 424 1419 [p.
440 1353 510 1419 μμ]
533 1343 649 1427 Aliqui
665 1356 776 1409 autem
793 1345 1018 1427 praedicabant
1034 1346 1139 1409 sancti
1155 1345 1223 1422 viri,
1241 1344 1369 1408 nullum
1385 1345 1498 1408 thema
1514 1345 1566 1409 vel
1582 1354 1658 1409 tex·

298 1470 371 1526 tum
394 1463 428 1526 in
451 1465 612 1547 principio
633 1466 792 1529 sermonis
813 1467 1023 1543 assumend0,
1044 1467 1103 1529 sed
1124 1475 1231 1530 certas
1253 1466 1409 1530 materias
1430 1467 1657 1549 proponendo,

298 1583 457 1664 dicentes,
474 1586 616 1665 ‘Hodie
632 1585 814 1650 invocando
836 1586 980 1668 Spiritus
1000 1586 1115 1651 Sancti
1134 1588 1289 1669 graciam,
1305 1588 1348 1650 ad
1367 1587 1584 1669 aperiendum
1604 1590 1665 1651 cof
1703 1657 1706 1665 ¹

300 1724 420 1782 meum,
445 1716 479 1770 et
506 1706 710 1771 intellectum
734 1707 932 1782 auditorum,
959 1707 1096 1770 intendo
1119 1707 1209 1789 loqui
1236 1707 1330 1769 vobis
1353 1708 1396 1769 de
1422 1708 1660 1772 resurrectione

298 1845 319 1888 a
343 1834 491 1908 peccato,
513 1836 547 1890 et
569 1828 612 1890 de
635 1829 871 1891 resurrectione
895 1828 1032 1891 Domini
1055 1828 1159 1892 nostri
1182 1828 1261 1909 jesu
1286 1827 1346 1889 Xti
1370 1829 1540 1909 corporali,
1563 1836 1597 1891 et
1617 1829 1660 1893 de

299 1947 537 2010 resurrectione
559 1947 732 2011 hominum
756 1948 855 2025 finali,
879 1958 912 2012 et
936 1950 979 2012 de
1001 1949 1244 2030 pertinentibus
1267 1950 1309 2011 ad
1333 1948 1414 2011 istas
1436 1949 1613 2013 materias?

388 2076 428 2142 [p.
444 2077 516 2143 4²5]
569 2069 645 2132 Hoc
670 2071 759 2133 enim
782 2080 899 2133 notum
922 2078 973 2132 est
996 2070 1029 2131 in
1053 2089 1154 2152 regno
1176 2067 1320 2150 Angliae,
1344 2069 1435 2151 quod
1458 2068 1513 2131 ille
1536 2069 1662 2133 archie-

301 2189 466 2272 piscopus,
489 2191 546 2271 qui
569 2211 668 2254 causa
693 2191 754 2255 fuit
777 2192 867 2272 quod
890 2190 987 2272 pauci
1010 2190 1062 2252 vel
1087 2189 1167 2252 nulli
1190 2192 1409 2271 praedicarent
1432 2189 1502 2252 sine
1524 2190 1661 2254 licencia

300 2310 468 2374 diocesani
487 2311 540 2376 vel
562 2312 820 2395 metropolitani,
841 2334 901 2395 pro
923 2333 989 2394 qua
1012 2310 1083 2392 jam
1107 2331 1236 2392 magnae
1257 2332 1370 2394 preces
1392 2310 1484 2389 fiunt,
1501 2322 1535 2375 et
1555 2313 1661 2376 eciam

300 2431 451 2513 pecuniae
485 2433 607 2497 dantur
642 2434 808 2517 episcop0,
838 2434 993 2497 obtrusus
1024 2432 1085 2495 suit
1118 2433 1175 2495 diu
1210 2443 1288 2495 ante
1322 2442 1465 2495 mortem
1501 2453 1596 2495 suam
1626 2433 1660 2494 in

301 2559 437 2633 gutture
467 2575 527 2635 per
559 2576 597 2617 os
633 2556 837 2619 descendens
872 2555 906 2618 in
940 2563 1055 2637 guttur
1084 2575 1191 2631 suum,
1221 2554 1313 2636 quod
1346 2541 1516 2635 nunquam
1552 2555 1662 2636 potuit

302 2671 476 2753 deglutire,
507 2695 568 2738 nec
603 2676 780 2759 expellere,
811 2687 845 2739 et
878 2676 924 2739 sic
958 2696 1002 2738 ex
1035 2675 1091 2737 illo
1123 2673 1347 2750 moriebatur;
1386 2683 1421 2737 et
1454 2672 1517 2738 suit
1549 2673 1662 2738 bacal-

303 2791 403 2855 larius
430 2793 568 2858 Arcium
595 2804 673 2860 tunc
700 2797 732 2859 in
755 2798 861 2878 gradu
888 2795 1063 2859 scolastico
1091 2795 1242 2869 Oxoniae,
1265 2813 1331 2857 non
1355 2794 1462 2857 sciens
1489 2814 1549 2858 nec
1573 2804 1663 2859 recte

304 2911 493 2977 discernens
523 2937 599 2998 quae
625 2938 669 2979 ex
694 2916 751 2981 illa
774 2917 1009 2981 constitutione
1036 2916 1126 2979 edita
1149 2916 1182 2978 in
1205 2925 1355 2997 tempore
1380 2915 1483 2997 ipsius
1508 2913 1662 2979 Arundel

303 3044 530 3115 sequerentur.
586 3036 662 3118 jam
690 3038 778 3101 enim
805 3037 951 3120 episcopi
982 3057 1042 3101 nec
1069 3036 1309 3120 praedicacione
1332 3045 1461 3110 vacant,
1486 3055 1548 3100 nec
1577 3056 1662 3119 prae·

303 3154 469 3219 dicatores
494 3158 527 3219 in
553 3178 613 3220 sua
636 3158 797 3221 exhibent
821 3158 954 3236 diocesi,
978 3178 1038 3221 nec
1062 3159 1145 3221 tales
1168 3157 1246 3219 illuc
1270 3156 1413 3232 mittunt,
1437 3164 1489 3218 set
1510 3155 1578 3234 vix,
1602 3177 1663 3240 pro

304 3277 434 3359 magnis
463 3279 615 3359 precibus
645 3282 888 3342 mundanorum
918 3291 952 3342 et
982 3299 1043 3360 pro
1073 3279 1228 3360 pecuniis,
1259 3276 1429 3340 licenciam
1459 3277 1662 3359 praedicandi

303 3398 348 3462 ad
366 3409 499 3480 tempus
522 3401 568 3463 eis
586 3400 745 3481 placitum
769 3400 884 3481 paucis
908 3400 1094 3463 concedunt
1117 3399 1149 3460 in
1172 3397 1239 3460 suis
1261 3398 1380 3461 litteris
1403 3396 1542 3478 scriptis,
1559 3406 1593 3460 et
1615 3397 1663 3461 sic

303 3523 442 3586 verbum
471 3521 536 3584 Dei
556 3521 627 3602 jam
655 3529 705 3583 est
728 3519 909 3602 alligatum,
929 3529 962 3584 et
987 3521 1062 3584 ideo
1085 3518 1225 3602 plurima
1249 3519 1337 3582 mala
1363 3517 1535 3593 inundant,
1559 3527 1601 3596 et,
1625 3528 1663 3582 ut

303 3642 480 3707 verisimile
503 3652 562 3717 est,
587 3642 691 3706 indies
714 3641 931 3705 inundabunt.
986 3642 1136 3724 Dignum
1160 3651 1210 3704 est
1233 3652 1269 3704 ut
1292 3639 1418 3723 indigni
1441 3638 1664 3703 excludantur

304 3787 326 3829 a
350 3765 593 3849 praedicatione,
622 3773 673 3827 set
700 3785 776 3846 quae
806 3764 888 3826 ratio
916 3774 966 3827 est
996 3771 1033 3826 ut
1060 3765 1154 3845 quasi
1181 3782 1297 3826 omnes
1324 3761 1576 3842 suspendantur,
1602 3779 1664 3824 nec

303 3886 486 3971 praedicent
501 3885 638 3950 verbum
655 3885 719 3948 Dei
736 3885 797 3948 nisi
818 3884 964 3950 habeant
984 3884 1156 3948 licenciam
1178 3881 1323 3965 episcopi
1345 3881 1511 3946 diocesani
1534 3882 1665 3964 magnis

304 4008 457 4092 precibus
488 4018 521 4071 et
551 4008 699 4089 pecuniis
729 4005 924 4089 optentam?
969 4007 1022 4071 Ita
1048 4006 1137 4069 enim
1164 4003 1282 4069 soliciti
1310 4012 1419 4066 essent
1446 4003 1591 4085 episcopi
1618 4000 1661 4065 ad

305 4131 506 4195 mittendum
530 4130 636 4193 bonos
662 4139 695 4192 et
718 4139 824 4212 aptos,
849 4129 933 4192 sicut
957 4127 1176 4192 intendebant
1200 4123 1327 4188 solicite
1352 4123 1529 4188 excludere
1556 4120 1664 4186 malos

305 4273 327 4319 a
347 4253 444 4317 vinea
468 4252 613 4328 Domini,
638 4271 678 4315 ne
701 4251 787 4315 sorte
808 4250 892 4314 vites
917 4259 1086 4314 mutentur
1109 4248 1141 4311 in
1166 4247 1343 4311 labruscas.
