3818 4904
681 436 780 492 roc]
805 436 836 490 E
863 435 988 492 trano
1023 436 1282 493 VERITATUM.
1618 447 1659 514 97

310 649 533 731 respondebat
559 649 632 713 filiis
656 650 808 725 Zebedei,
832 650 992 713 honorem
1018 661 1184 715 terrenum
1210 649 1408 733 petentibus,
1436 651 1563 717 Mathei
1589 660 1653 730 20⁰,

310 768 493 849 ‘Nescitis’
521 772 636 853 inquit,
663 772 760 853 ‘quid
791 772 933 855 petatis;
966 771 1101 835 calicem
1126 773 1261 854 quidem
1286 794 1397 836 meum
1430 771 1572 849 bibetis,’
1597 774 1616 838 i.
1628 795 1656 838 e.

309 911 444 974 poenam
474 892 648 972 praevisam
674 911 734 973 per
763 911 817 954 me
847 891 1070 968 sustinebitis;
1105 893 1239 956 ‘sedere
1266 902 1378 956 autem
1408 893 1450 956 ad
1481 893 1656 957 dexteram

310 1030 420 1074 meam
434 1010 486 1075 vel
501 1013 545 1075 ad
561 1011 725 1074 sinistram
746 1030 812 1073 non
831 1020 883 1075 est
898 1032 1009 1074 meum
1025 1013 1103 1076 dare
1119 1010 1231 1090 vobis'
1247 1013 1293 1077 sic
1315 1013 1482 1095 dispositis
1497 1022 1535 1077 ut
1557 1009 1657 1077 modo

309 1131 396 1209 estis,
411 1132 487 1195 ‘sed
504 1131 623 1214 quibus
642 1140 795 1214 paratum
811 1140 861 1194 est
876 1152 896 1194 a
912 1131 1009 1195 Patre
1026 1129 1119 1210 meo,’
1142 1135 1199 1197 i.e.
1223 1132 1357 1215 illisqui
1376 1154 1434 1215 per
1448 1133 1525 1196 vitae
1542 1135 1658 1198 merita

309 1250 389 1315 illud
414 1260 610 1330 meruerunt,
625 1260 662 1314 ut
684 1261 824 1315 testatur
846 1261 979 1315 sanctus
1002 1253 1119 1316 doctor
1138 1252 1334 1333 Jeronimus,
1356 1254 1389 1315 in
1410 1251 1658 1318 Commentario

308 1392 369 1436 suo
395 1393 493 1455 super
515 1371 688 1434 Matheum
719 1378 772 1435 ca⁰
801 1371 956 1434 vicesimo
982 1380 1107 1446 textus,
1134 1372 1213 1454 quia
1244 1371 1511 1437 Commentarius
1541 1372 1656 1438 Sancti

307 1492 467 1574 Jeronimi
483 1512 549 1554 non
564 1489 665 1555 habet
681 1492 825 1574 capitula
847 1491 908 1553 nisi
931 1493 1113 1555 secundum
1132 1493 1281 1556 ordinem
1297 1492 1517 1576 capitulorum
1532 1503 1657 1558 textus.

308 1609 491 1689 ‘Domine’
507 1612 613 1694 inquit
630 1611 752 1689 Petrus,
763 1613 770 1642 ‘
782 1612 920 1675 ostende
934 1632 1034 1693 quem
1051 1620 1087 1675 tu
1101 1612 1230 1696 eligeris
1242 1609 1260 1690 ;’
1276 1621 1310 1676 et
1324 1611 1472 1676 Actuum
1488 1609 1548 1695 xj⁰,
1565 1613 1658 1696 ‘Ego

308 1733 382 1816 quis
398 1753 496 1811 eram,
513 1733 569 1814 qui
587 1752 722 1815 possum
738 1731 911 1814 prohibere
926 1731 1108 1796 Dominum
1118 1731 1149 1794 i’
1170 1734 1189 1796 i.
1201 1753 1228 1796 e.
1253 1753 1318 1796 non
1334 1753 1469 1816 possum
1486 1732 1659 1815 prohibere

309 1854 512 1926 Dominum;
544 1862 585 1931 et,
601 1853 685 1916 sicut
709 1851 851 1916 Sanctus
872 1852 988 1915 Petrus
1011 1853 1102 1935 Papa
1125 1874 1191 1916 non
1213 1853 1321 1935 potuit
1344 1852 1518 1934 prohibere
1539 1873 1559 1915 a
1583 1854 1658 1917 Deo

308 1974 457 2052 volitum,
486 1974 533 2037 sic
565 1993 630 2036 non
663 1972 772 2055 potuit
802 1972 999 2055 compellere
1030 1974 1140 2036 Deum
1170 1974 1214 2036 ad
1244 1973 1434 2037 volendum.
1495 1972 1657 2053 Concede,

309 2096 456 2159 Domine
476 2093 555 2174 Jesu
579 2090 670 2157 Xtel
702 2101 738 2156 ut
765 2092 919 2157 dominus
943 2093 1034 2177 Papa
1060 2115 1150 2176 saepe
1176 2094 1210 2157 in
1237 2103 1348 2157 mente
1374 2094 1532 2176 recogitet
1557 2095 1658 2159 verba

308 2216 478 2299 scripturae
500 2235 602 2278 sacrae
626 2215 772 2277 secundo
793 2214 1068 2296 Paralipomenon
1092 2223 1145 2296 19⁰
1165 2222 1236 2290 ca⁰.,
1261 2213 1400 2279 ‘Videte
1422 2216 1502 2298 quid
1523 2207 1657 2294 faciatis,

309 2357 374 2401 non
398 2335 486 2400 enim
508 2334 651 2399 hominis
674 2336 837 2399 exercetis
855 2335 1028 2418 judicium,
1047 2338 1106 2400 sed
1130 2337 1204 2414 Dei,
1235 2347 1268 2401 et
1291 2337 1512 2419 quodcunque
1530 2336 1657 2419 judica·

306 2459 419 2523 veritis
442 2458 475 2520 in
490 2478 550 2520 vos
569 2457 787 2536 redundabit3
811 2458 854 2520 sit
877 2457 976 2521 timor
992 2458 1127 2520 Domini
1143 2458 1312 2521 vobiscum
1336 2468 1369 2521 et
1393 2477 1467 2520 cum
1483 2456 1658 2540 diligencia

308 2588 429 2644 cuncta
451 2578 558 2656 facite,
574 2599 639 2641 non
663 2588 713 2642 est
737 2578 824 2641 enirn
847 2580 937 2661 apud
962 2579 1071 2642 Deum
1097 2580 1260 2661 iniquitas,
1282 2600 1342 2642 nec
1366 2599 1579 2661 personarum
1604 2599 1658 2642 ac-

307 2701 430 2784 cepcio,
444 2721 503 2765 nec
520 2702 640 2783 cupido
654 2700 848 2763 munerum!
880 2701 964 2765 Haec
981 2701 1035 2764 ibi.
1061 2698 1176 2779 ‘Non,’
1192 2701 1307 2783 inquit,
1320 2700 1500 2763 ‘exercetis
1514 2700 1658 2763 hominis

303 2823 474 2908 judicium,
490 2823 548 2885 sed
565 2819 651 2899 Dei,'
670 2822 704 2885 id
728 2832 786 2900 est,
810 2823 844 2885 id
860 2822 950 2903 quod
969 2821 1124 2904 judicatis
1147 2842 1212 2884 non
1237 2830 1324 2884 esset
1346 2820 1526 2884 secundum
1542 2820 1657 2883 volun·

306 2956 412 3010 tatem
429 2944 608 3019 hominum,
621 2945 678 3006 sed
695 2944 875 3008 secundum
888 2943 1048 3024 judicium
1063 2944 1126 3006 Dei
1138 2942 1332 3025 judicatum.
1370 2942 1419 3005 Ut
1430 2943 1473 3005 sit
1489 2941 1657 3006 conforme

306 3066 469 3131 voluntati
494 3066 622 3142 divinae,
647 3064 678 3128 O
703 3066 851 3128 Domine
873 3061 987 3128 Deus!
1013 3066 1156 3129 concede
1180 3074 1215 3128 ut
1238 3065 1376 3127 vicarius
1400 3073 1476 3127 tuus
1501 3063 1533 3126 in
1557 3064 1658 3141 terris,

307 3188 479 3252 Romanus
501 3186 662 3268 pontifex,
679 3188 712 3249 in
736 3187 876 3250 decretis
899 3186 1044 3260 edendis,
1060 3194 1094 3249 et
1117 3187 1150 3248 in
1171 3184 1421 3266 praesidentibus
1441 3193 1475 3248 et
1494 3184 1657 3267 episcopis

304 3307 505 3385 ordinandis,
521 3316 555 3371 et
569 3307 789 3390 providendis,
806 3317 840 3371 et
859 3307 893 3369 in
911 3305 1214 3390 dispensacionibus
1230 3315 1264 3370 et
1279 3306 1421 3370 licenciis
1436 3305 1656 3369 concedendis

304 3430 358 3494 vel
381 3429 550 3513 negandis,
567 3451 643 3493 vera
666 3439 777 3493 mente
800 3438 834 3492 et
856 3438 946 3493 recto
967 3428 1032 3491 Dei
1053 3428 1124 3491 zelo
1145 3427 1343 3510 respondeat
1365 3425 1421 3489 illa
1436 3426 1537 3489 verba
1554 3425 1654 3506 scrip·

305 3563 389 3616 turae
413 3571 523 3630 sacrae,
546 3551 685 3614 Numeri
709 3558 774 3627 22⁰,
799 3549 854 3614 ‘Si
880 3550 974 3614 dedit
997 3549 1095 3613 michi
1120 3549 1221 3614 Balac
1243 3550 1381 3613 domum
1404 3569 1499 3611 suam
1522 3548 1654 3630 plenam

306 3673 376 3739 auri
404 3682 438 3737 et
467 3673 594 3756 argenti
625 3694 692 3736 non
722 3693 858 3757 possum
889 3673 1064 3736 immutare
1089 3672 1226 3735 verbum
1254 3671 1390 3734 Domini
1423 3670 1486 3733 Dei
1521 3669 1594 3743 mei,
1618 3678 1656 3733 ut

304 3795 358 3860 vel
387 3796 462 3878 plus
491 3793 544 3858 vel
575 3795 682 3858 minus
708 3791 845 3877 loquar.'
905 3793 1083 3858 Sentencia
1113 3794 1202 3857 enim
1233 3792 1332 3876 Papa:
1364 3801 1450 3856 esset
1480 3789 1655 3855 conformis

303 3918 427 4001 judicio
450 3926 484 3981 et
506 3917 683 3981 sentenciae
702 3916 775 3995 Dei,
791 3926 825 3980 et
847 3916 930 3990 ideo,
948 3917 1034 3980 sicut
1057 3915 1194 3998 Moyses
1218 3914 1402 3977 recurrebat
1426 3914 1458 3974 in
1481 3911 1589 3974 dubiis
1611 3910 1654 3974 ad

304 4037 438 4103 archam
465 4038 665 4115 testamenti,
688 4047 724 4101 ut
750 4038 894 4101 divinam
918 4035 1120 4100 sentenciam
1148 4035 1181 4098 in
1208 4034 1317 4097 dubiis
1343 4033 1404 4097 sibi
1431 4032 1655 4114 interrogaret,

303 4158 350 4224 sic
381 4158 442 4223 Xti
470 4159 610 4222 vicarius
643 4159 675 4220 in
701 4159 796 4222 terris
821 4158 991 4241 scripturae
1020 4176 1122 4221 sacrae
1151 4156 1306 4220 veritates
1337 4163 1370 4217 et
1400 4162 1588 4217 sanctorum
1619 4160 1655 4215 et

305 4299 501 4363 magnorum
532 4280 705 4343 doctorum
739 4279 992 4366 explanaciones
1030 4288 1063 4342 et
1093 4277 1336 4342 declaraciones
1366 4274 1503 4356 limpido
1534 4272 1656 4338 mentis

970 4394 994 4445 Ο
