3818 4904
307 393 348 478 36
683 401 782 457 roc!
809 402 838 455 E
867 400 991 455 LIBRO
1027 400 1284 457 VERITATUM.

305 621 462 697 optamus
485 624 519 678 et
541 616 753 679 obsecramus
776 626 813 680 ut
836 637 895 698 per
918 625 1062 679 vestram
1085 616 1317 680 auctoritatem
1337 616 1383 680 sic
1406 637 1427 679 a
1451 617 1546 679 nobis
1569 637 1664 699 sepa·

308 743 422 798 rentur
447 744 480 798 et
505 757 525 799 a
552 737 707 800 domibus
737 739 865 814 nostris,
889 747 926 799 ut
953 757 1123 817 nunquam
1147 736 1329 800 habeamus
1356 739 1562 802 occasionem
1590 758 1666 820 pec·

307 857 404 920 candi
443 877 518 920 cum
554 859 610 929 eis,
646 879 705 922 nec
736 859 817 940 ipsae
849 858 1000 920 mulieres
1034 858 1225 921 concubinae
1263 859 1468 922 occasionem
1506 858 1665 940 peccandi

303 976 454 1041 habeant
484 999 543 1059 per
573 1000 633 1042 nos
662 1000 737 1043 cum
768 981 807 1042 iis
837 980 1066 1042 cohabitantes
1080 979 1101 1041 l’
1142 989 1176 1042 et
1208 980 1381 1061 episcopus
1411 979 1666 1041 abhominabilis

304 1099 480 1161 memoriae
503 1100 722 1181 respondebat
746 1101 801 1175 eis,
818 1101 917 1163 ‘Non
936 1100 1012 1162 volo
1036 1100 1216 1163 concedere
1236 1102 1325 1181 quod
1341 1101 1533 1164 concubinae
1548 1110 1666 1162 vestrae

305 1238 371 1282 ‚nec
397 1240 418 1282 a
443 1220 537 1282 vobis
564 1240 623 1283 nec
648 1243 669 1283 a
695 1222 850 1283 domibus
876 1223 993 1284 vestris
1020 1231 1213 1302 separentur
1239 1240 1298 1284 nec
1325 1222 1469 1302 separari
1496 1231 1665 1303 cogantur,

310 1340 389 1421 quia
424 1346 506 1405 tunc
539 1361 602 1424 ego
634 1351 743 1405 vester
779 1343 953 1424 episcopus
986 1343 1160 1423 perderem
1197 1344 1368 1405 annuatim
1407 1343 1667 1424 quadringentas

312 1478 440 1522 marcas
468 1481 551 1541 quas
578 1462 698 1543 recipio
727 1463 899 1524 annuatim
930 1462 963 1523 in
994 1461 1116 1525 diocesi
1148 1482 1222 1525 mea
1253 1482 1313 1543 pro
1342 1462 1533 1545 concubinis
1563 1481 1668 1525 sacer·

310 1580 451 1657 dotum3
485 1581 529 1644 de
555 1581 704 1662 quolibet
731 1583 817 1644 enim
849 1582 1021 1645 sacerdote
1051 1581 1193 1663 plurium
1217 1583 1426 1645 sacerdotum
1458 1583 1580 1664 recipio
1609 1604 1667 1646 an-

310 1700 437 1764 nuatim
465 1721 567 1763 unum
594 1702 704 1764 nobile
729 1702 781 1765 vel
809 1702 894 1765 ultra
925 1722 985 1783 pro
1011 1723 1070 1765 sua
1097 1700 1288 1779 concubina,
1316 1713 1350 1765 et
1376 1699 1432 1765 illa
1461 1723 1592 1798 summa
1621 1705 1669 1767 sic

309 1822 483 1884 annuatim
507 1831 637 1904 recepta
661 1823 767 1885 bursae
790 1843 873 1886 meae
899 1824 1071 1886 contendit
1093 1843 1129 1885 se
1153 1824 1322 1884 annuatim
1345 1823 1388 1885 ad
1411 1824 1669 1905 quadringentas

313 1960 449 2018 marcas,
480 1951 513 2006 et
551 1943 626 2006 ideo
664 1963 730 2006 non
768 1944 845 2006 volo
885 1964 941 2007 eas
980 1965 1000 2007 a
1037 1944 1132 2006 vobis
1169 1941 1333 2026 separari'
1394 1941 1440 2006 Et
1480 1945 1668 2008 sacerdotes

312 2060 470 2125 dixerunt
492 2063 649 2145 episcopo
672 2063 717 2126 illi
735 2063 849 2127 Sancti
869 2064 978 2127 David
1002 2065 1035 2126 in
1051 2062 1180 2139 Wallia,
1196 2063 1248 2126 ‘O
1268 2063 1402 2126 domine
1425 2065 1587 2145 episcope,
1608 2085 1669 2127 nos

309 2189 468 2262 optamus
491 2181 563 2245 illas
586 2183 727 2265 separari
750 2205 769 2246 a
795 2185 899 2262 nobis,
923 2194 957 2246 et
979 2185 1061 2265 ipsae
1081 2184 1272 2247 concubinae
1296 2204 1362 2246 non
1384 2183 1500 2246 volunt
1523 2187 1667 2266 separari

310 2321 333 2363 a
356 2302 461 2377 nobis,
486 2321 586 2366 neca
609 2304 764 2367 domibus
787 2307 915 2375 nostris,
941 2305 999 2367 sed
1021 2304 1137 2367 volunt
1159 2323 1292 2367 manere
1314 2304 1347 2365 in
1370 2304 1526 2366 domibus
1549 2304 1669 2367 nostris

312 2429 347 2485 et
369 2422 483 2485 nutriri
507 2423 604 2486 bonis
626 2425 754 2500 nostris,
773 2425 921 2501 velimus,
946 2424 1109 2499 nolimus3
1141 2433 1174 2486 et
1202 2425 1286 2501 ideo,
1312 2424 1390 2505 quia
1417 2442 1482 2486 non
1506 2425 1670 2488 audemus

312 2559 369 2604 eas
390 2543 558 2624 expellere
578 2554 713 2626 propter
737 2555 862 2608 metum
884 2564 1018 2608 suorum
1041 2545 1223 2607 amicorum
1248 2545 1304 2625 qui
1329 2544 1376 2606 eis
1401 2543 1514 2607 lavent
1537 2554 1574 2608 ut
1598 2564 1669 2608 ma·

312 2671 414 2725 neant
438 2663 471 2725 in
496 2665 651 2727 domibus
677 2668 806 2739 nostris,
825 2666 900 2728 ideo
925 2684 1088 2746 rogamus,
1112 2675 1149 2727 ut
1176 2684 1235 2746 per
1257 2684 1325 2739 vos
1344 2664 1479 2727 domine
1503 2666 1668 2747 episcope,

312 2793 505 2864 separentur
526 2804 546 2844 a
567 2785 663 2848 nobis
685 2796 719 2849 et
739 2806 759 2848 a
781 2786 937 2849 domibus
958 2782 1111 2848 nostrisl'
1138 2796 1172 2848 et
1193 2784 1473 2866 episcopusdixit
1497 2786 1552 2863 eis,
1568 2784 1667 2848 ‘Non

310 2903 388 2967 volo
414 2905 612 2986 compellere
642 2927 699 2969 eas
724 2908 867 2988 separari
895 2928 915 2970 a
940 2906 1034 2969 vobis
1061 2907 1138 2986 quia
1163 2915 1243 2968 tunc
1268 2925 1331 2986 ego
1362 2905 1535 2987 episcopus
1559 2916 1669 2970 vester

311 3025 485 3105 perderem
509 3026 619 3107 plures
642 3028 798 3109 pecunias
817 3024 1010 3091 annuatim'
1050 3026 1095 3088 Et
1116 3027 1179 3088 iste
1202 3035 1253 3089 est
1269 3026 1443 3107 episcopus
1460 3026 1513 3088 De
1536 3026 1568 3089 la
1584 3027 1668 3090 Bere

310 3145 366 3225 qui
398 3144 485 3208 male
514 3145 575 3209 suit
605 3149 754 3229 provisus
784 3148 817 3210 in
847 3148 1045 3211 decanatum
1076 3146 1223 3209 ecclesiae
1250 3144 1426 3210 Wellensis
1455 3165 1514 3228 per
1543 3165 1666 3229 papam

311 3261 513 3328 Ni'cholaum
536 3269 689 3349 quintum
712 3271 815 3331 invito
833 3268 979 3350 capitulo
1002 3267 1089 3330 illius
1113 3267 1267 3345 ecclesiae,
1285 3277 1337 3331 set
1359 3286 1425 3329 non
1447 3266 1492 3328 ibi
1516 3276 1667 3348 receptus

311 3384 373 3448 luit
404 3406 444 3450 eo
475 3389 565 3468 quod
596 3390 707 3452 timuit
736 3399 878 3452 mortem
902 3408 996 3451 suam
1027 3388 1151 3451 ibidem
1182 3388 1372 3461 violentam,
1399 3394 1433 3449 et
1460 3396 1577 3468 postea
1604 3385 1666 3452 luit

311 3511 455 3592 pessime
480 3528 541 3590 per
565 3510 708 3572 eundem
739 3530 861 3592 papam
891 3511 1040 3591 provisus
1065 3510 1099 3570 in
1122 3509 1349 3590 episcopatum
1373 3507 1610 3570 Menevensem
1632 3508 1666 3571 in

309 3631 440 3707 Wallia,
456 3651 497 3693 eo
519 3632 610 3712 quod
634 3651 693 3694 rex
708 3629 843 3712 Angliae
864 3631 1029 3694 Henricus
1048 3629 1182 3703 Sextus,
1202 3631 1258 3711 qui
1282 3638 1399 3711 postea
1420 3627 1482 3691 suit
1504 3627 1667 3692 alienatus

308 3774 330 3818 a
360 3761 473 3815 mente
502 3771 571 3826 sua,
599 3751 783 3815 licenciavit
813 3752 965 3824 eundem,
994 3750 1277 3813 eleemosinarium
1308 3769 1404 3811 suum
1431 3749 1484 3811 De
1515 3748 1548 3811 la
1572 3748 1666 3823 Bere,

309 3882 483 3955 acceptare
520 3891 617 3954 papae
655 3873 876 3954 provisionem
910 3874 943 3934 in
974 3863 1137 3934 decanatu
1169 3868 1298 3932 Welliae
1331 3879 1366 3933 et
1403 3873 1437 3934 in
1472 3870 1666 3951 episcopatu

312 3992 504 4057 Menexensi
527 3993 561 4055 in
580 3991 712 4069 Wallia,
735 3992 753 4056 i.
770 4013 798 4056 e.
814 3992 875 4055 loci
901 3993 1007 4055 sancti
1032 3991 1171 4054 Davidis
1194 3991 1350 4072 episcopi.

396 4121 430 4188 [p.
448 4122 516 4188 387]
552 4112 722 4194 Johannes
742 4113 857 4195 Kemp
880 4114 923 4175 de
945 4111 1079 4186 Cancia,
1101 4112 1276 4192 episcopus
1297 4109 1473 4185 Roffensis,
1492 4118 1526 4172 et
1548 4118 1667 4190 postea

311 4233 532 4312 CicestrensiS,
548 4247 580 4298 et
606 4245 722 4317 postea
748 4233 998 4306 Londoniensis,
1016 4241 1049 4295 et
1072 4231 1193 4295 deinde
1218 4230 1437 4293 Eboracensis
1458 4228 1528 4305 luit,
1550 4238 1584 4292 et
1606 4248 1666 4310 per
