3818 4904
297 391 338 473 98
671 396 769 454 LOCI
793 395 824 450 E
851 394 975 448 LIBRO
1011 392 1268 449 VERITATUM.

298 611 394 676 oculo
415 609 538 694 jugiter
561 608 731 692 aspiceret,
753 617 786 672 et
811 608 857 671 sic
880 606 986 670 fidelis
1014 616 1047 670 et
1070 607 1213 688 prudens
1241 626 1352 668 servus
1378 614 1411 668 et
1437 606 1648 687 dispensator

299 732 413 796 domui
433 731 498 795 Dei
522 731 678 793 existeret
699 729 806 792 fidelis
833 729 865 790 in
889 727 1020 802 affectu,
1036 728 1180 809 prudens
1204 727 1236 788 in
1260 726 1437 790 intellectu.
1483 724 1647 789 Dominus

300 851 388 915 enim
405 850 497 913 Deus
512 850 598 914 dixit
615 850 722 922 Petr0‚
739 847 888 911 Actuum
904 853 965 923 10⁰,
981 845 1084 928 ‘Quae
1100 846 1193 908 Deus
1214 845 1393 920 mundavit,
1411 855 1446 909 tu
1463 865 1648 921 commune,

300 971 360 1036 i.e.
383 971 600 1047 immundum,
617 989 657 1031 ne
672 967 813 1045 dixeris‚'
834 967 853 1029 i.
868 988 895 1030 e.
916 975 982 1044 tua,
1002 966 1034 1030 Ο
1058 967 1162 1043 Petre,
1177 966 1345 1029 sentencia
1365 966 1541 1030 conformis
1561 973 1648 1028 esset

300 1090 478 1154 sentenciae
489 1089 563 1152 Dei.
581 1083 719 1164 ‘Michi’
729 1088 834 1169 inquit
845 1088 969 1164 Petrus,
980 1094 987 1120 ‘
998 1086 1144 1149 ostendit
1152 1082 1262 1163 Deus,’
1274 1085 1484 1150 Actuum100
1494 1084 1648 1168 capitulo,

302 1214 363 1273 ‘ne
387 1229 465 1291 ergo
488 1209 579 1272 dicas
606 1208 822 1285 immundum,
846 1207 935 1289 quod
959 1206 1050 1268 Deus
1073 1207 1255 1282 mundavit,
1278 1226 1338 1269 nec
1361 1207 1452 1270 dicas
1476 1205 1648 1279 mundum,

301 1329 391 1411 quod
404 1330 496 1392 Deus
506 1348 572 1391 non
582 1323 775 1391 mundavit’
799 1326 829 1390 O
842 1336 924 1408 quot
936 1327 1023 1388 mala
1034 1336 1188 1389 secuntur
1200 1334 1233 1388 et
1245 1334 1327 1407 quot
1339 1326 1427 1389 bona
1439 1327 1650 1390 destruuntur

300 1469 360 1534 per
375 1447 478 1528 haec7
496 1448 632 1511 flumina
645 1446 845 1510 Babilonicae
861 1445 1074 1509 confusionis:
1091 1445 1238 1509 ecclesiae
1253 1446 1475 1528 particulares,
1487 1446 1593 1528 ‘quasi
1609 1447 1651 1509 ti·

299 1569 410 1654 gurria
426 1569 458 1630 in
474 1563 714 1641 cucumerario,’
730 1567 887 1630 desolatae
903 1586 923 1628 a
938 1586 1016 1630 cura
1035 1575 1069 1630 et
1083 1567 1241 1647 regimine
1258 1566 1504 1649 relinquuntur;
1526 1566 1651 1649 passim

300 1689 361 1755 viri
377 1688 490 1766 Belial,
506 1689 526 1752 i.
539 1710 566 1751 e.
584 1688 654 1751 sine
670 1687 751 1769 jugo
773 1686 920 1763 racionis,
938 1686 972 1748 in
995 1686 1139 1750 ecclesiis
1154 1695 1188 1749 et
1205 1686 1319 1749 officiis
1334 1672 1651 1770 magnis'eliguntur,

301 1830 360 1876 seu
384 1810 507 1892 pocius,
526 1808 631 1884 minis,
647 1828 790 1883 munere,
805 1806 857 1869 vel
877 1805 998 1870 carnali
1021 1806 1181 1888 obsequio
1204 1807 1422 1885 intruduntur,
1437 1808 1652 1890 praesidentes

302 1941 338 1996 et
367 1930 493 2012 prelati,
517 1950 576 2012 per
604 1928 813 2010 provisiones
841 1927 1050 1991 ecclesiarum
1081 1927 1217 1990 cassatis
1247 1928 1466 1992 eleccionibus
1495 1930 1547 1993 vel
1577 1950 1653 2012 pro·

302 2050 425 2126 hibitis,
442 2049 581 2132 pecunia
602 2049 807 2130 precedente,
823 2047 896 2110 loca
910 2056 1025 2111 sancta
1040 2059 1074 2111 et
1089 2047 1273 2111 animarum
1292 2068 1385 2112 curas
1400 2050 1652 2112 destruxerunt!

303 2171 393 2237 Novi
424 2170 512 2233 enim
542 2189 600 2250 per
623 2189 723 2232 unam
755 2169 974 2250 provisionem
998 2168 1118 2230 Romae
1152 2177 1333 2249 optentam,
1356 2170 1502 2252 pecuniis
1526 2171 1654 2252 magnis

304 2291 575 2376 praecedentibus,
586 2290 785 2354 eleccionem
800 2310 931 2372 magnae
946 2309 1032 2353 curae
1048 2298 1081 2352 et
1096 2288 1266 2370 dignitatis
1282 2291 1315 2352 in
1328 2290 1464 2354 ecclesia
1479 2289 1653 2373 prohiberi,

304 2423 340 2479 et
354 2413 465 2478 divina
480 2412 586 2476 officia
600 2433 660 2495 per
674 2412 783 2493 plures
798 2413 868 2475 dies
891 2412 923 2474 in
940 2412 1057 2475 eadem
1080 2411 1225 2489 ecclesia,
1241 2432 1339 2476 causa
1361 2412 1446 2476 illius
1461 2413 1656 2494 provisionis

305 2534 444 2618 papalis,
468 2534 645 2617 suspendi3
680 2533 860 2596 canonibus
889 2531 1091 2595 secularibus
1113 2531 1263 2612 ejusdem
1294 2531 1440 2596 ecclesiae
1463 2534 1656 2616 optantibus

305 2677 366 2740 per
387 2655 587 2720 eleccionem
619 2663 748 2736 patrem
781 2653 828 2716 eis
859 2653 1034 2736 praesidere
1057 2660 1091 2714 et
1112 2660 1302 2735 pastorem;
1337 2663 1453 2717 notum
1475 2655 1563 2718 enim
1587 2664 1656 2720 erat

307 2776 450 2840 eundem
488 2775 653 2857 provisum
693 2794 753 2836 nec
785 2773 960 2836 virtutibus
998 2773 1177 2836 moralibus
1214 2783 1376 2853 ornatum,
1411 2796 1470 2839 nec
1506 2776 1655 2840 scienciae

307 2896 431 2960 lumine
464 2897 666 2970 decoratum,
701 2915 761 2958 nec
794 2895 915 2977 gradus
949 2894 1111 2958 scolastici
1145 2896 1336 2959 testimonio
1367 2896 1568 2960 roboratum.
1624 2896 1656 2961 O

307 3016 445 3083 flumina
469 3016 656 3081 Babilonisl
690 3037 773 3098 quos
796 3015 966 3097 religiosos
993 3016 1169 3079 modernos
1198 3017 1241 3080 ab
1271 3017 1362 3080 abitu
1394 3027 1427 3082 et
1457 3018 1658 3101 professione

307 3137 490 3214 exemistis,
507 3147 541 3200 et
561 3146 691 3200 curatos
713 3135 923 3201 ecclesiarum
939 3135 1176 3218 parochialium
1197 3146 1231 3201 et
1248 3140 1422 3222 magistros
1443 3139 1659 3223 hospitalium

308 3268 344 3323 et
365 3256 555 3340 capellanos
577 3256 710 3320 honoris
732 3278 790 3320 seu
811 3256 918 3319 verius
939 3256 1081 3319 horroris
1103 3256 1244 3322 fecistis!
1290 3258 1474 3324 Oflumina
1490 3260 1660 3325 Babilonis

308 3376 449 3444 misera!
472 3386 556 3460 quot
575 3399 678 3460 reges,
697 3378 806 3455 duces,
822 3387 856 3441 et
872 3377 1025 3441 dominos
1046 3378 1078 3440 in
1099 3378 1394 3444 ecclesiasticorum
1407 3381 1659 3466 vilipensionem

308 3499 489 3582 irrumpere
512 3498 645 3576 fecistis,
672 3520 712 3562 eo
736 3499 835 3580 quod,
862 3499 905 3561 ad
933 3519 1046 3562 eorum
1073 3499 1242 3581 placitum,
1271 3502 1441 3585 privilegia
1467 3512 1502 3567 et
1526 3503 1660 3586 dispen-

308 3622 459 3686 saciones
483 3621 703 3702 optinuerunt,
731 3628 764 3682 et
794 3619 964 3682 licenciam
987 3620 1160 3683 recedendi
1186 3641 1207 3685 a
1233 3623 1372 3704 propriis
1399 3632 1434 3687 et
1459 3623 1661 3688 immediatis

308 3741 448 3819 curatis;
472 3740 519 3804 ita
542 3750 580 3805 ut
601 3760 690 3823 saepe
709 3738 781 3821 jam
803 3739 979 3803 fornicator
1000 3739 1217 3805 fornicantem
1240 3743 1359 3824 quaerit
1379 3743 1607 3824 confessorem,
1626 3755 1661 3808 et

311 3862 448 3927 crimine
474 3881 596 3944 magno
625 3860 769 3924 irretitus
795 3858 1016 3924 confessorem
1043 3861 1160 3924 eodem
1188 3863 1322 3926 crimine
1348 3864 1509 3928 violatum
1534 3866 1662 3948 quaerit,

310 3981 365 4047 vel
387 3982 498 4059 alium,
522 3981 579 4064 qui
599 3981 702 4045 nescit
724 3979 776 4044 vel
800 3981 855 4063 qui
879 3999 944 4044 non
967 3981 1069 4044 audet
1092 3983 1247 4046 veritates
1270 3984 1470 4049 necessarias
1492 3985 1662 4050 confitenti

311 4101 501 4184 explanare,
522 4123 582 4167 nec
603 4101 767 4167 voluntati
790 4101 923 4184 indigne
945 4103 1181 4184 poenitencium
1204 4112 1239 4167 et
1264 4103 1452 4170 satisfacere
1474 4106 1574 4189 digne
1596 4127 1663 4170 non

310 4220 497 4298 volencium
520 4223 762 4304 contradicere;
789 4222 887 4287 etsie
907 4222 1010 4287 timor
1029 4222 1149 4287 divinae
1170 4222 1304 4289 offensae
1323 4246 1343 4289 a
1363 4224 1510 4308 pluribus
1530 4227 1665 4297 recessit
