3818 4904
661 443 761 497 LOCI
786 441 815 494 E
844 441 969 495 LIBRO
1004 440 1261 496 VERITATUM.
1580 446 1639 512 117

373 666 407 732 [p.
431 666 501 733 μμ]
545 665 745 721 Haerstious.
790 655 917 720 Omnes
939 657 1027 718 enim
1050 653 1278 718 haereticorum
1303 665 1337 718 et
1355 655 1529 736 gentilium
1550 678 1641 738 quae·

286 777 410 840 stiones
435 777 561 842 eaedem
585 787 671 856 sunt,
696 778 774 859 quia
798 797 864 839 non
891 775 1125 857 scripturarum
1148 775 1378 838 auctoritatem
1401 776 1460 839 sed
1487 775 1641 841 humanae

287 898 422 961 rationis
445 919 577 962 sensum
600 907 792 981 sequuntur.
839 896 924 959 Haec
949 894 1091 959 Sanctus
1115 894 1312 975 jeronimus,
1335 916 1434 978 super
1456 896 1544 961 Osee
1566 917 1642 979 pro·

287 1017 435 1099 phetam,
451 1018 535 1082 libro
557 1025 599 1093 2⁰,
616 1024 678 1083 ca0.
696 1024 739 1099 7⁰.
782 1017 877 1092 Item,
894 1015 1038 1078 haeretici
1058 1015 1134 1097 vagi
1157 1024 1275 1092 errant,
1294 1034 1380 1080 nunc
1401 1017 1443 1080 ad
1464 1015 1535 1093 has,
1556 1038 1642 1082 nunc

288 1138 331 1201 ad
353 1137 434 1215 illas,
449 1139 507 1208 ie.
528 1139 708 1202 contrarias
729 1136 922 1212 sentencias,
938 1144 1155 1212 transeuntes,
1170 1136 1251 1197 dum
1273 1156 1339 1198 non
1361 1137 1408 1199 eis
1427 1136 1538 1218 placet
1553 1139 1642 1219 quod

287 1257 391 1321 semel
421 1257 595 1340 reperiunt,
619 1258 678 1321 sed
705 1277 837 1339 semper
859 1265 971 1319 vetera
998 1264 1130 1320 mutant
1155 1255 1256 1333 novis,
1281 1265 1314 1319 et
1340 1255 1543 1320 ethnicorum
1571 1258 1644 1320 imi-

288 1387 401 1442 tantur
418 1398 552 1441 errores.
599 1377 683 1441 Haec
708 1376 852 1442 Sanctus
869 1375 1058 1456 Jeronimus
1081 1395 1179 1457 super
1202 1381 1265 1439 ca0.
1289 1382 1324 1455 9⁰
1347 1375 1435 1440 Osee
1461 1377 1644 1460 prophetae.

290 1498 386 1574 Item,
406 1497 552 1562 haeretici
571 1499 673 1562 verba
693 1498 862 1580 scripturae
882 1516 984 1561 sacrae
1005 1494 1045 1559 de
1067 1496 1207 1579 propriis
1227 1507 1395 1560 sumentes
1416 1497 1504 1576 locis,
1523 1518 1644 1563 conan-

288 1630 343 1684 tur
365 1639 504 1696 assuere,
528 1618 585 1682 ie.
607 1618 775 1701 applicare
796 1617 946 1681 sensibus
969 1616 1033 1679 illis
1056 1617 1176 1698 quibus
1199 1634 1266 1679 non
1289 1618 1443 1681 convenit
1466 1617 1522 1681 illa
1544 1621 1646 1683 verba

289 1739 448 1822 cooptari,
474 1741 534 1802 ie.
561 1739 727 1821 applicari,
756 1749 791 1803 et
816 1739 1019 1803 sentenciam
1050 1738 1083 1800 in
1113 1758 1174 1801 suo
1204 1736 1277 1801 loco
1306 1737 1399 1802 alteri
1428 1741 1537 1803 sensui
1567 1760 1645 1805 con-

289 1870 463 1944 gruentem
493 1860 587 1923 alteri
617 1861 767 1925 nituntur
796 1879 935 1938 assuere,
963 1858 1022 1922 ie.
1052 1858 1228 1941 applicare.
1282 1854 1369 1921 Cum
1400 1859 1536 1922 Domini
1566 1862 1645 1942 Jesu

289 1981 402 2047 tunica
417 1982 559 2064 desuper
580 1991 739 2046 contexta
762 2001 821 2063 per
841 1989 950 2045 totum
972 1979 1077 2056 scindi
1096 1978 1231 2042 omnino
1255 1998 1321 2042 non
1341 1981 1455 2062 possit,
1471 1982 1529 2045 sed
1551 1989 1647 2045 texta

291 2101 417 2184 Spiritu
435 2101 560 2166 Sancto
576 2101 700 2166 nullam
716 2101 852 2183 recipiat
868 2101 1068 2164 scissionem.

379 2222 475 2303 Item,
498 2223 644 2288 haeretici
668 2223 810 2304 diligunt
832 2220 1012 2296 libidinem,
1038 2219 1170 2284 difficile
1196 2222 1285 2287 enim
1309 2231 1361 2287 est
1384 2225 1575 2290 haereticum
1599 2248 1648 2291 re·

291 2346 388 2430 periri
413 2346 470 2428 qui
495 2346 613 2429 diligat
636 2346 834 2423 castitatem,
858 2365 925 2407 non
950 2344 1040 2426 quod
1065 2364 1138 2407 eam
1163 2344 1315 2426 praeserre
1338 2348 1477 2411 desistat
1500 2348 1604 2423 labiis.

380 2466 476 2542 Item,
502 2487 617 2531 omnes
646 2466 792 2530 haeretici
823 2466 936 2529 labore
966 2466 1068 2529 nimio
1094 2486 1134 2529 ac
1161 2466 1273 2529 dolore
1300 2470 1470 2550 quaerendi
1497 2470 1646 2538 ordinem

292 2588 440 2671 aliquem
463 2599 498 2653 et
520 2589 795 2670 consequenciam
817 2587 951 2650 haeresis
973 2607 1035 2651 sua
1056 2587 1197 2668 reperire
1219 2588 1328 2651 conati
1351 2598 1437 2654 sunt.

381 2708 477 2786 Item,
500 2709 647 2772 haeretici
671 2729 747 2790 quae
772 2707 859 2770 male
884 2708 927 2770 ab
951 2707 1024 2770 aliis
1048 2707 1180 2771 inventa
1202 2717 1280 2774 sunt
1303 2708 1456 2774 roborare
1478 2723 1648 2789 conantur.

384 2828 481 2905 Item,
503 2827 652 2892 haeretici
666 2836 744 2892 sunt
767 2827 855 2891 acuti
875 2847 990 2890 sensus
1015 2836 1048 2890 et
1072 2828 1218 2897 ardentis
1239 2829 1371 2912 ingenii.
1416 2831 1537 2896 Nullus
1561 2835 1649 2897 enim

293 2957 406 3032 potest
433 2947 585 3012 haeresim
614 2958 740 3011 struere
770 2948 831 3011 nisi
861 2950 918 3030 qui
949 2949 1095 3012 ardentis
1125 2949 1245 3040 ingenii
1277 2959 1336 3029 est,
1366 2961 1400 3015 et
1430 2951 1532 3017 habet
1561 2953 1650 3026 bona

293 3081 432 3148 naturae,
453 3089 529 3151 quae
553 3090 575 3133 a
599 3068 675 3131 Deo
700 3067 825 3137 artifice
847 3076 957 3132 creata
981 3076 1068 3132 sunt.

383 3189 543 3254 Haeretici
568 3189 803 3253 assimulantur
827 3190 974 3270 locustae,
1000 3210 1075 3272 quae
1100 3190 1212 3259 volare
1241 3213 1307 3256 non
1333 3202 1445 3276 potest
1475 3195 1508 3258 in
1534 3196 1649 3274 altum,

294 3311 447 3395 quamvis
464 3312 508 3374 de
530 3318 616 3374 terra
639 3309 754 3374 exilire
777 3310 900 3386 nititur,
925 3318 959 3373 et
981 3310 1212 3375 deficientibus
1235 3314 1351 3395 pennis
1376 3324 1410 3379 et
1431 3314 1551 3398 frigore
1573 3337 1651 3381 cons

294 3431 419 3511 tractis,
434 3431 587 3495 concidet
607 3430 640 3494 in
661 3451 748 3513 sepe,
764 3430 797 3493 in
818 3430 977 3507 sentibus,
993 3440 1027 3505 et
1045 3431 1206 3514 virgultis,
1221 3433 1275 3497 vel
1296 3435 1329 3496 in
1349 3437 1491 3500 maceria
1513 3435 1650 3516 fortuitu

294 3550 372 3617 hinc
399 3552 477 3616 inde
503 3551 615 3635 lapide
640 3551 835 3633 composita.
881 3549 937 3615 Sic
963 3550 1111 3631 haeretici
1137 3553 1171 3615 in
1200 3553 1306 3619 altum
1333 3575 1399 3618 non
1425 3556 1547 3636 volant,
1574 3557 1652 3640 quia

295 3693 430 3737 sensum
446 3672 593 3736 divinum
616 3692 682 3735 non
702 3672 845 3754 capiunt,
861 3672 919 3736 sed
939 3671 1122 3736 humanum
1142 3683 1177 3738 et
1196 3676 1370 3754 erronium,
1386 3684 1421 3739 et
1440 3697 1505 3740 non
1526 3676 1652 3744 habent

296 3794 441 3858 calorem
472 3793 552 3857 solis
580 3793 733 3875 justiciae,
761 3792 956 3874 frigescente
989 3793 1022 3856 in
1052 3793 1101 3856 eis
1132 3794 1268 3858 Domini
1299 3796 1443 3874 caritate,
1470 3798 1588 3862 sedent
1617 3801 1651 3862 in

296 3915 438 3998 spinosis
463 3915 605 3990 sedibus,
629 3914 708 3996 quia
731 3933 807 3977 cum
831 3912 929 3995 friget
953 3934 1011 3996 per
1034 3914 1200 3978 deiectum
1226 3916 1367 3991 virtutis,
1389 3925 1423 3981 et
1448 3916 1560 3981 volare
1585 3939 1652 3982 non

296 4045 457 4119 possunt3
489 4055 533 4098 sc.
556 4034 590 4097 in
613 4033 738 4098 clarum
762 4033 967 4098 intellectum
990 4035 1148 4113 veritatis,
1169 4038 1283 4099 sedem
1309 4056 1402 4100 suam
1427 4047 1462 4101 et
1484 4038 1652 4120 regionem

298 4158 384 4237 inter
409 4155 604 4221 Aristotolis
630 4165 664 4219 et
692 4153 834 4238 Crisippi
861 4155 992 4237 spineta
1022 4156 1199 4238 reperiunt,
1223 4156 1302 4240 quia
1331 4177 1444 4220 eorum
1471 4158 1562 4224 dicta
1591 4181 1653 4244 pro

297 4297 377 4343 vero
406 4276 625 4355 fundamento
656 4286 840 4341 assumunt.
896 4277 980 4342 Inde
1008 4276 1192 4342 Eunomius
1225 4277 1356 4361 profert,
1390 4281 1500 4362 ‘quod
1536 4290 1651 4347 natum
