3818 4904
656 438 755 491 LOCI
781 438 811 490 E
839 438 964 492 LIBRO
999 439 1256 496 VERITATUM.
1596 448 1632 511 17

282 653 392 732 ruinae,
416 656 506 736 quod
533 656 726 739 exemplum
758 658 881 720 malum
913 659 1082 721 inductum
1113 659 1172 723 luit
1204 660 1237 721 in
1267 658 1427 741 Angliam
1457 680 1545 722 anno
1577 659 1636 722 Xti

284 773 379 852 1456,
399 775 592 840 licenciante
618 798 705 860 papa
738 775 863 841 Calisto
891 785 925 861 3⁰
953 789 986 841 et
1013 779 1102 840 illam
1133 790 1326 861 acceptante
1354 778 1496 862 Georgio
1522 779 1638 856 Nevel,

283 891 352 956 filio
379 894 512 960 Ricardi
535 898 665 960 comitis
692 896 821 975 Sarum,
844 907 923 961 tunc
950 899 1121 961 sacerdote
1149 911 1183 963 et
1210 897 1368 981 magistro
1394 901 1527 976 arcium,
1550 920 1639 981 papa

284 1015 374 1077 enim
404 1014 458 1078 ille
484 1036 595 1080 secum
620 1017 823 1099 dispensavit
850 1027 887 1080 ut
911 1016 1048 1081 haberet
1077 1018 1246 1082 licenciam
1278 1019 1452 1101 colligendi
1483 1020 1640 1101 pecunias

284 1133 494 1216 episcopatus
524 1136 668 1200 Exoniae
704 1138 762 1200 sed
794 1158 861 1200 non
895 1138 984 1219 quod
1021 1147 1106 1201 esset
1143 1139 1317 1221 episcopus
1352 1149 1561 1203 consecratus
1595 1141 1639 1202 ad

284 1253 459 1318 salvandas
483 1257 610 1319 animas
637 1277 808 1338 quousque
834 1259 905 1339 ipse
929 1267 1001 1319 tum
1027 1275 1067 1340 23
1095 1279 1200 1321 annos
1224 1260 1372 1322 existens
1394 1260 1572 1342 attingeret
1596 1260 1639 1322 ad

286 1390 327 1454 27
351 1395 473 1438 annum
497 1376 606 1440 aetatis
628 1397 705 1441 suae.

382 1503 411 1570 [p
443 1503 512 1569 322]
558 1496 674 1578 Nuper
704 1497 791 1558 enim
826 1495 990 1559 Martinus
1019 1497 1155 1578 quintus
1185 1519 1273 1580 papa
1306 1499 1478 1561 Romanus
1512 1500 1642 1580 scripsit

287 1613 461 1697 Episcopis
496 1616 595 1679 michi
631 1617 717 1679 notis
753 1627 789 1679 ut
819 1627 926 1680 certas
952 1619 1206 1681 consuetudines
1236 1617 1339 1682 malas
1370 1629 1404 1682 et
1434 1628 1523 1682 certa
1553 1615 1644 1681 mala

286 1744 412 1799 statuta
435 1738 526 1819 regni
550 1736 681 1819 publice
705 1735 990 1818 reprehenderent,
1013 1746 1047 1801 et
1069 1748 1184 1802 contra
1207 1759 1247 1802 ea
1268 1740 1485 1820 praedicarent
1508 1749 1541 1802 et
1564 1758 1641 1802 con-

287 1857 386 1920 traria
412 1866 536 1920 statuta
563 1858 596 1919 in
627 1857 846 1938 parliamento
874 1858 965 1939 regni
996 1858 1126 1921 decerni
1154 1868 1187 1922 et
1213 1860 1313 1922 statui
1342 1859 1539 1922 laborarent.
1595 1859 1642 1921 Et

287 1977 366 2059 quia
387 1977 530 2059 episcopi
552 1997 612 2040 nec
632 1975 703 2040 haec
724 1977 872 2040 lecerunt
894 1997 954 2040 nec
975 1975 1046 2040 haec
1067 1978 1137 2041 ausi
1160 1978 1267 2043 facere
1289 1978 1419 2041 fuerunt
1442 1978 1531 2041 idem
1555 1999 1642 2061 papa

288 2095 453 2160 Martinus
483 2097 783 2160 excommunicavit
809 2118 866 2160 eos
897 2106 932 2160 et
961 2097 1243 2180 archiepiscopum
1273 2096 1544 2162 Cantuariensem
1572 2119 1642 2160 sus-

287 2217 404 2298 pendit
426 2237 447 2278 a
468 2237 528 2279 sua
551 2215 685 2299 legacia,
701 2237 768 2298 qua
791 2226 840 2279 est
863 2217 994 2298 legatus
1016 2226 1115 2280 natus
1137 2219 1170 2280 in
1193 2218 1320 2299 Anglia
1340 2219 1399 2281 sed
1423 2239 1488 2280 non
1513 2217 1643 2300 legatus

289 2336 417 2399 missus.
476 2336 524 2400 Et
553 2346 632 2399 tunc
666 2338 811 2419 episcopi
845 2338 1003 2400 dixerunt
1032 2337 1130 2418 plane
1165 2339 1254 2418 quod
1286 2337 1459 2401 concilium
1488 2336 1643 2418 generale

289 2456 352 2521 suit
374 2476 474 2539 supra
496 2477 627 2539 papam,
650 2467 684 2520 et
707 2457 782 2520 ideo
804 2478 825 2519 a
847 2477 935 2538 papa
956 2457 1206 2539 appellaverunt
1229 2459 1272 2521 ad
1296 2457 1468 2520 consilium
1490 2457 1644 2538 generale

289 2577 445 2659 proximo
480 2588 555 2659 post
591 2586 669 2641 tunc
700 2577 942 2649 celebrandum,
972 2578 1123 2659 quamvis
1153 2577 1274 2658 pluries
1304 2586 1403 2640 antea
1433 2585 1643 2639 mutaverunt

289 2698 492 2762 sentenciam
525 2718 629 2775 suam,
659 2698 806 2761 dicentes
835 2698 925 2779 quod
962 2697 1101 2779 quilibet
1135 2718 1224 2780 papa
1258 2707 1309 2760 est
1343 2718 1443 2780 super
1472 2697 1644 2761 consilium

289 2818 444 2900 generale
466 2828 502 2882 et
525 2818 605 2881 illud
630 2828 741 2900 potest
765 2818 809 2881 ad
836 2817 967 2881 libitum
993 2839 1089 2882 suum
1117 2817 1305 2895 dissolvere,
1329 2829 1365 2882 ut
1388 2818 1449 2900 ipsi
1476 2817 1644 2880 dixerunt.

291 2938 337 3003 Et
367 2939 456 3003 idem
486 2959 575 3020 papa
603 2938 766 3002 Martinus
792 2938 875 3001 obiit
901 2938 984 3003 infra
1014 2940 1113 3002 breve
1143 2949 1283 3021 tempus,
1309 2949 1342 3002 et
1369 2939 1443 3001 ideo
1473 2939 1538 3000 non
1569 2937 1645 3000 tulit

292 3060 495 3123 sentenciam
519 3059 685 3123 interdicti
708 3079 809 3141 quam
837 3058 988 3140 promisit
1014 3081 1049 3122 se
1074 3057 1241 3123 illaturum
1271 3070 1384 3122 contra
1411 3079 1557 3139 regnum,
1583 3058 1644 3120 nisi

291 3189 382 3244 certa
405 3178 493 3244 mala
516 3189 550 3243 et
572 3189 698 3244 statuta
722 3179 976 3243 reformarentur
998 3181 1030 3242 in
1055 3200 1155 3262 regno
1178 3178 1321 3260 Angliae‚
1340 3189 1372 3241 et
1396 3199 1456 3241 rex
1481 3178 1645 3240 Henricus

292 3299 419 3365 Sextus
456 3310 535 3364 tunc
571 3300 632 3364 fuit
670 3301 702 3362 in
740 3310 840 3364 aetate
877 3301 1001 3382 puerili,
1030 3309 1063 3362 et
1100 3299 1363 3381 archiepiscopus
1401 3298 1645 3363 Cantuariensis

295 3421 459 3484 Henricus
487 3420 646 3484 Chichele
670 3423 787 3484 doctor
809 3421 891 3502 juris
925 3421 1028 3484 civilis
1058 3432 1092 3484 et
1122 3420 1192 3483 dux
1223 3417 1416 3483 Glocestriae
1449 3418 1646 3481 Humsridus

294 3542 497 3606 Lancastriae
522 3541 578 3623 qui
608 3551 725 3622 postea
752 3552 916 3605 arestatus
946 3540 1028 3604 obiit
1058 3541 1090 3603 in
1118 3540 1340 3604 Parliamento
1364 3539 1450 3602 villae
1477 3541 1520 3602 de
1545 3538 1645 3618 Byry,

294 3664 327 3725 in
357 3682 424 3744 quo
455 3681 550 3744 paene
579 3661 671 3725 nulla
700 3661 919 3743 parliamento
950 3662 1152 3744 pertinencia
1182 3661 1375 3743 agebantur,
1400 3670 1479 3722 tunc
1510 3677 1646 3740 regnum

293 3783 429 3865 Angliae
456 3781 679 3865 principaliter
704 3782 936 3865 gubernabant
961 3802 1036 3846 cum
1060 3782 1133 3846 aliis
1160 3782 1322 3863 episcopis
1346 3790 1379 3844 et
1403 3779 1545 3842 dominis
1568 3797 1646 3840 con·

293 3904 424 3969 ciliariis
447 3904 549 3985 regni.

381 4032 416 4100 [p.
442 4032 510 4100 3²4]
548 4021 604 4088 Sic
638 4025 782 4088 creditur
808 4025 879 4105 jam
910 4025 999 4105 quod
1027 4024 1146 4087 diversi
1178 4034 1212 4086 et
1244 4022 1355 4103 magni
1387 4021 1420 4082 in
1446 4020 1571 4082 mundo
1601 4019 1649 4082 ita

293 4155 483 4211 averterunt
509 4165 545 4207 se
569 4167 589 4209 a
612 4144 751 4208 veritate
781 4146 871 4228 prius
902 4144 948 4207 eis
975 4146 1090 4225 agnita
1115 4144 1158 4208 ad
1185 4142 1373 4224 voluptates
1399 4162 1475 4203 suas
1502 4138 1649 4203 carnales

295 4267 396 4331 etad
422 4266 609 4329 mundanos
634 4265 776 4329 honores
804 4267 893 4348 quod
920 4275 977 4329 aut
1006 4287 1080 4328 vera
1106 4262 1344 4329 consideranda
1370 4282 1434 4324 non
1462 4259 1649 4342 intelligunt

962 4383 985 4429 u
