<?xml version="1.0" encoding="UTF-8"?>
<!DOCTYPE html PUBLIC "-//W3C//DTD XHTML 1.0 Transitional//EN"
    "http://www.w3.org/TR/xhtml1/DTD/xhtml1-transitional.dtd">
<html xmlns="http://www.w3.org/1999/xhtml" xml:lang="en" lang="en">
 <head>
  <title>
</title>
<meta http-equiv="Content-Type" content="text/html;charset=utf-8" />
  <meta name='ocr-system' content='tesseract 3.04.00' />
  <meta name='ocr-capabilities' content='ocr_page ocr_carea ocr_par ocr_line ocrx_word'/>
</head>
<body>
  <div class='ocr_page' id='page_1' title='image "./locielibroverit00gascgoog/locielibroverit00gascgoog_0108.png"; bbox 0 0 3818 4904; ppageno 0'>
   <div class='ocr_carea' id='block_1_1' title="bbox 671 438 1642 513">
    <p class='ocr_par' dir='ltr' id='par_1_1' title="bbox 671 438 1642 513">
     <span class='ocr_line' id='line_1_1' title="bbox 671 438 1642 513; baseline -0.005 -17"><span class='ocrx_word' id='word_1_1' title='bbox 671 441 769 496; x_wconf 86' lang='lat' dir='ltr'><em>LOCI</em></span> <span class='ocrx_word' id='word_1_2' title='bbox 794 441 824 494; x_wconf 89' lang='lat' dir='ltr'><em>E</em></span> <span class='ocrx_word' id='word_1_3' title='bbox 853 440 978 494; x_wconf 88' lang='lat' dir='ltr'><em>LIBRO</em></span> <span class='ocrx_word' id='word_1_4' title='bbox 1014 438 1271 494; x_wconf 85' lang='lat' dir='ltr'><em>VERITATUM.</em></span> <span class='ocrx_word' id='word_1_5' title='bbox 1609 447 1642 513; x_wconf 86' lang='lat'>.7</span> 
     </span>
    </p>
   </div>
   <div class='ocr_carea' id='block_1_2' title="bbox 243 652 1719 4349">
    <p class='ocr_par' dir='ltr' id='par_1_2' title="bbox 243 652 1696 1700">
     <span class='ocr_line' id='line_1_2' title="bbox 382 652 1644 738; baseline 0.003 -24"><span class='ocrx_word' id='word_1_6' title='bbox 382 663 421 730; x_wconf 83' lang='lat' dir='ltr'>[p.</span> <span class='ocrx_word' id='word_1_7' title='bbox 437 662 490 726; x_wconf 73' lang='lat' dir='ltr'>oo]</span> <span class='ocrx_word' id='word_1_8' title='bbox 521 655 614 718; x_wconf 91' lang='lat' dir='ltr'>Nam</span> <span class='ocrx_word' id='word_1_9' title='bbox 643 654 823 737; x_wconf 88' lang='lat' dir='ltr'>Pragenses</span> <span class='ocrx_word' id='word_1_10' title='bbox 849 653 982 718; x_wconf 88' lang='lat' dir='ltr'>heretici</span> <span class='ocrx_word' id='word_1_11' title='bbox 1009 662 1044 716; x_wconf 90' lang='lat' dir='ltr'>et</span> <span class='ocrx_word' id='word_1_12' title='bbox 1070 652 1209 715; x_wconf 90' lang='lat' dir='ltr'>Bohemi</span> <span class='ocrx_word' id='word_1_13' title='bbox 1235 652 1379 731; x_wconf 89' lang='lat' dir='ltr'>heretici,</span> <span class='ocrx_word' id='word_1_14' title='bbox 1402 654 1457 736; x_wconf 93' lang='lat' dir='ltr'>qui</span> <span class='ocrx_word' id='word_1_15' title='bbox 1489 675 1644 738; x_wconf 87' lang='lat' dir='ltr'>magnam</span> 
     </span>
     <span class='ocr_line' id='line_1_3' title="bbox 293 772 1645 859; baseline 0.001 -21"><span class='ocrx_word' id='word_1_16' title='bbox 293 782 423 857; x_wconf 87' lang='lat' dir='ltr'>partem</span> <span class='ocrx_word' id='word_1_17' title='bbox 458 775 547 838; x_wconf 90' lang='lat' dir='ltr'>orbis</span> <span class='ocrx_word' id='word_1_18' title='bbox 581 775 648 838; x_wconf 91' lang='lat' dir='ltr'>suis</span> <span class='ocrx_word' id='word_1_19' title='bbox 683 776 846 840; x_wconf 90' lang='lat' dir='ltr'>erroribus</span> <span class='ocrx_word' id='word_1_20' title='bbox 879 783 913 839; x_wconf 91' lang='lat' dir='ltr'>et</span> <span class='ocrx_word' id='word_1_21' title='bbox 950 773 1016 837; x_wconf 91' lang='lat' dir='ltr'>suis</span> <span class='ocrx_word' id='word_1_22' title='bbox 1050 772 1148 837; x_wconf 91' lang='lat' dir='ltr'>bellis</span> <span class='ocrx_word' id='word_1_23' title='bbox 1181 783 1394 837; x_wconf 89' lang='lat' dir='ltr'>vastaverunt</span> <span class='ocrx_word' id='word_1_24' title='bbox 1428 774 1462 837; x_wconf 92' lang='lat' dir='ltr'>in</span> <span class='ocrx_word' id='word_1_25' title='bbox 1494 784 1645 859; x_wconf 89' lang='lat' dir='ltr'>tempore</span> 
     </span>
     <span class='ocr_line' id='line_1_4' title="bbox 295 893 1646 979; baseline 0.001 -22"><span class='ocrx_word' id='word_1_26' title='bbox 295 895 396 977; x_wconf 87' lang='lat' dir='ltr'>Papae</span> <span class='ocrx_word' id='word_1_27' title='bbox 419 893 554 960; x_wconf 90' lang='lat' dir='ltr'>Martini</span> <span class='ocrx_word' id='word_1_28' title='bbox 579 896 694 979; x_wconf 88' lang='lat' dir='ltr'>quinti,</span> <span class='ocrx_word' id='word_1_29' title='bbox 714 917 758 960; x_wconf 90' lang='lat' dir='ltr'>ex</span> <span class='ocrx_word' id='word_1_30' title='bbox 780 896 845 959; x_wconf 94' lang='lat' dir='ltr'>hoc</span> <span class='ocrx_word' id='word_1_31' title='bbox 870 893 1034 978; x_wconf 81' lang='lat' dir='ltr'>praecipue</span> <span class='ocrx_word' id='word_1_32' title='bbox 1057 893 1091 956; x_wconf 92' lang='lat' dir='ltr'>in</span> <span class='ocrx_word' id='word_1_33' title='bbox 1115 913 1239 956; x_wconf 90' lang='lat' dir='ltr'>errores</span> <span class='ocrx_word' id='word_1_34' title='bbox 1262 903 1431 970; x_wconf 90' lang='lat' dir='ltr'>venerunt,</span> <span class='ocrx_word' id='word_1_35' title='bbox 1454 896 1544 977; x_wconf 90' lang='lat' dir='ltr'>quod</span> <span class='ocrx_word' id='word_1_36' title='bbox 1568 917 1646 961; x_wconf 90' lang='lat' dir='ltr'>cura</span> 
     </span>
     <span class='ocr_line' id='line_1_5' title="bbox 293 1013 1646 1099; baseline 0.001 -21"><span class='ocrx_word' id='word_1_37' title='bbox 293 1015 476 1078; x_wconf 84' lang='lat' dir='ltr'>animamm</span> <span class='ocrx_word' id='word_1_38' title='bbox 503 1017 588 1081; x_wconf 90' lang='lat' dir='ltr'>inter</span> <span class='ocrx_word' id='word_1_39' title='bbox 610 1037 667 1080; x_wconf 93' lang='lat' dir='ltr'>eos</span> <span class='ocrx_word' id='word_1_40' title='bbox 693 1016 813 1081; x_wconf 83' lang='lat' dir='ltr'>defecit</span> <span class='ocrx_word' id='word_1_41' title='bbox 838 1037 898 1099; x_wconf 92' lang='lat' dir='ltr'>per</span> <span class='ocrx_word' id='word_1_42' title='bbox 922 1014 1073 1096; x_wconf 85' lang='lat' dir='ltr'>indignos</span> <span class='ocrx_word' id='word_1_43' title='bbox 1100 1014 1133 1075; x_wconf 93' lang='lat' dir='ltr'>in</span> <span class='ocrx_word' id='word_1_44' title='bbox 1160 1013 1297 1077; x_wconf 90' lang='lat' dir='ltr'>ecclesia</span> <span class='ocrx_word' id='word_1_45' title='bbox 1322 1023 1503 1097; x_wconf 68' lang='lat' dir='ltr'>promotos</span> <span class='ocrx_word' id='word_1_46' title='bbox 1528 1025 1562 1079; x_wconf 93' lang='lat' dir='ltr'>et</span> <span class='ocrx_word' id='word_1_47' title='bbox 1587 1038 1646 1099; x_wconf 90' lang='lat' dir='ltr'>per</span> 
     </span>
     <span class='ocr_line' id='line_1_6' title="bbox 243 1135 1648 1218; baseline 0.003 -24"><span class='ocrx_word' id='word_1_48' title='bbox 243 1186 249 1193; x_wconf 95' lang='lat'>.</span> <span class='ocrx_word' id='word_1_49' title='bbox 295 1155 361 1198; x_wconf 92' lang='lat' dir='ltr'>non</span> <span class='ocrx_word' id='word_1_50' title='bbox 392 1137 575 1200; x_wconf 85' lang='lat' dir='ltr'>residentes</span> <span class='ocrx_word' id='word_1_51' title='bbox 603 1137 637 1199; x_wconf 92' lang='lat' dir='ltr'>in</span> <span class='ocrx_word' id='word_1_52' title='bbox 669 1136 756 1200; x_wconf 91' lang='lat' dir='ltr'>curis</span> <span class='ocrx_word' id='word_1_53' title='bbox 787 1145 822 1200; x_wconf 90' lang='lat' dir='ltr'>et</span> <span class='ocrx_word' id='word_1_54' title='bbox 855 1137 888 1198; x_wconf 92' lang='lat' dir='ltr'>in</span> <span class='ocrx_word' id='word_1_55' title='bbox 918 1135 1041 1210; x_wconf 91' lang='lat' dir='ltr'>officiis,</span> <span class='ocrx_word' id='word_1_56' title='bbox 1067 1142 1103 1197; x_wconf 90' lang='lat' dir='ltr'>et</span> <span class='ocrx_word' id='word_1_57' title='bbox 1131 1153 1191 1216; x_wconf 93' lang='lat' dir='ltr'>per</span> <span class='ocrx_word' id='word_1_58' title='bbox 1215 1135 1500 1217; x_wconf 70' lang='lat' dir='ltr'>appropriationes</span> <span class='ocrx_word' id='word_1_59' title='bbox 1526 1147 1560 1201; x_wconf 88' lang='lat' dir='ltr'>et</span> <span class='ocrx_word' id='word_1_60' title='bbox 1589 1157 1648 1218; x_wconf 91' lang='lat' dir='ltr'>per</span> 
     </span>
     <span class='ocr_line' id='line_1_7' title="bbox 295 1255 1648 1338; baseline 0 -19"><span class='ocrx_word' id='word_1_61' title='bbox 295 1257 511 1319; x_wconf 86' lang='lat' dir='ltr'>commendas</span> <span class='ocrx_word' id='word_1_62' title='bbox 544 1257 756 1321; x_wconf 90' lang='lat' dir='ltr'>ecclesiarum</span> <span class='ocrx_word' id='word_1_63' title='bbox 792 1265 827 1320; x_wconf 90' lang='lat' dir='ltr'>et</span> <span class='ocrx_word' id='word_1_64' title='bbox 856 1255 1120 1338; x_wconf 82' lang='lat' dir='ltr'>prebendarum3</span> <span class='ocrx_word' id='word_1_65' title='bbox 1153 1263 1192 1317; x_wconf 89' lang='lat' dir='ltr'>ut</span> <span class='ocrx_word' id='word_1_66' title='bbox 1220 1262 1315 1336; x_wconf 88' lang='lat' dir='ltr'>patet</span> <span class='ocrx_word' id='word_1_67' title='bbox 1344 1256 1377 1318; x_wconf 90' lang='lat' dir='ltr'>in</span> <span class='ocrx_word' id='word_1_68' title='bbox 1407 1255 1510 1319; x_wconf 90' lang='lat' dir='ltr'>literis</span> <span class='ocrx_word' id='word_1_69' title='bbox 1539 1256 1648 1319; x_wconf 91' lang='lat' dir='ltr'>missis</span> 
     </span>
     <span class='ocr_line' id='line_1_8' title="bbox 296 1375 1696 1475; baseline 0.001 -37"><span class='ocrx_word' id='word_1_70' title='bbox 296 1376 397 1458; x_wconf 88' lang='lat' dir='ltr'>Papae</span> <span class='ocrx_word' id='word_1_71' title='bbox 420 1376 575 1440; x_wconf 91' lang='lat' dir='ltr'>Romano</span> <span class='ocrx_word' id='word_1_72' title='bbox 598 1377 745 1441; x_wconf 89' lang='lat' dir='ltr'>Martino</span> <span class='ocrx_word' id='word_1_73' title='bbox 764 1377 808 1440; x_wconf 87' lang='lat' dir='ltr'>ab</span> <span class='ocrx_word' id='word_1_74' title='bbox 829 1375 1052 1441; x_wconf 87' lang='lat' dir='ltr'>Universitate</span> <span class='ocrx_word' id='word_1_75' title='bbox 1075 1375 1239 1457; x_wconf 87' lang='lat' dir='ltr'>Pragensi,</span> <span class='ocrx_word' id='word_1_76' title='bbox 1255 1375 1289 1437; x_wconf 94' lang='lat' dir='ltr'>in</span> <span class='ocrx_word' id='word_1_77' title='bbox 1309 1375 1428 1457; x_wconf 91' lang='lat' dir='ltr'>quibus</span> <span class='ocrx_word' id='word_1_78' title='bbox 1448 1377 1647 1458; x_wconf 90' lang='lat' dir='ltr'>scripserunt</span> <span class='ocrx_word' id='word_1_79' title='bbox 1689 1462 1696 1475; x_wconf 27' lang='lat' dir='ltr'>x</span> 
     </span>
     <span class='ocr_line' id='line_1_9' title="bbox 296 1494 1647 1580; baseline 0.001 -22"><span class='ocrx_word' id='word_1_80' title='bbox 296 1496 397 1579; x_wconf 88' lang='lat' dir='ltr'>Papae</span> <span class='ocrx_word' id='word_1_81' title='bbox 427 1498 518 1579; x_wconf 93' lang='lat' dir='ltr'>quod</span> <span class='ocrx_word' id='word_1_82' title='bbox 547 1498 722 1561; x_wconf 87' lang='lat' dir='ltr'>verisimile</span> <span class='ocrx_word' id='word_1_83' title='bbox 755 1497 819 1562; x_wconf 90' lang='lat' dir='ltr'>iuit</span> <span class='ocrx_word' id='word_1_84' title='bbox 851 1517 975 1560; x_wconf 90' lang='lat' dir='ltr'>errores</span> <span class='ocrx_word' id='word_1_85' title='bbox 1005 1495 1039 1557; x_wconf 93' lang='lat' dir='ltr'>in</span> <span class='ocrx_word' id='word_1_86' title='bbox 1069 1515 1170 1577; x_wconf 86' lang='lat' dir='ltr'>regno</span> <span class='ocrx_word' id='word_1_87' title='bbox 1201 1494 1370 1559; x_wconf 86' lang='lat' dir='ltr'>Bohemiae</span> <span class='ocrx_word' id='word_1_88' title='bbox 1405 1497 1553 1578; x_wconf 89' lang='lat' dir='ltr'>pululare</span> <span class='ocrx_word' id='word_1_89' title='bbox 1587 1518 1647 1580; x_wconf 94' lang='lat' dir='ltr'>pro</span> 
     </span>
     <span class='ocr_line' id='line_1_10' title="bbox 296 1616 603 1700; baseline -0.01 -19"><span class='ocrx_word' id='word_1_90' title='bbox 296 1617 403 1681; x_wconf 91' lang='lat' dir='ltr'>causis</span> <span class='ocrx_word' id='word_1_91' title='bbox 426 1616 603 1700; x_wconf 87' lang='lat' dir='ltr'>praedictis.</span> 
     </span>
    </p>

    <p class='ocr_par' dir='ltr' id='par_1_3' title="bbox 297 1735 1651 2903">
     <span class='ocr_line' id='line_1_11' title="bbox 384 1735 1647 1819; baseline 0.002 -21"><span class='ocrx_word' id='word_1_92' title='bbox 384 1745 423 1813; x_wconf 84' lang='lat' dir='ltr'>[p.</span> <span class='ocrx_word' id='word_1_93' title='bbox 438 1746 491 1812; x_wconf 88' lang='lat'>91·]</span> <span class='ocrx_word' id='word_1_94' title='bbox 513 1746 796 1801; x_wconf 83' lang='lat' dir='ltr'>Astronomorum</span> <span class='ocrx_word' id='word_1_95' title='bbox 813 1743 954 1812; x_wconf 79' lang='lat' dir='ltr'>judicia.</span> <span class='ocrx_word' id='word_1_96' title='bbox 983 1735 1206 1799; x_wconf 86' lang='lat' dir='ltr'>Consimiliter</span> <span class='ocrx_word' id='word_1_97' title='bbox 1225 1735 1383 1799; x_wconf 89' lang='lat' dir='ltr'>dixemnt</span> <span class='ocrx_word' id='word_1_98' title='bbox 1399 1736 1472 1799; x_wconf 83' lang='lat' dir='ltr'>salsi</span> <span class='ocrx_word' id='word_1_99' title='bbox 1491 1737 1647 1819; x_wconf 85' lang='lat' dir='ltr'>astrologi</span> 
     </span>
     <span class='ocr_line' id='line_1_12' title="bbox 297 1854 1647 1940; baseline 0.001 -21"><span class='ocrx_word' id='word_1_100' title='bbox 297 1857 354 1940; x_wconf 90' lang='lat' dir='ltr'>qui</span> <span class='ocrx_word' id='word_1_101' title='bbox 379 1866 540 1921; x_wconf 88' lang='lat' dir='ltr'>vocantur</span> <span class='ocrx_word' id='word_1_102' title='bbox 566 1858 780 1922; x_wconf 88' lang='lat' dir='ltr'>calculatores</span> <span class='ocrx_word' id='word_1_103' title='bbox 806 1857 976 1920; x_wconf 91' lang='lat' dir='ltr'>Willelmo</span> <span class='ocrx_word' id='word_1_104' title='bbox 1002 1855 1082 1919; x_wconf 89' lang='lat' dir='ltr'>Pule</span> <span class='ocrx_word' id='word_1_105' title='bbox 1111 1856 1186 1918; x_wconf 90' lang='lat' dir='ltr'>duci</span> <span class='ocrx_word' id='word_1_106' title='bbox 1212 1854 1451 1920; x_wconf 85' lang='lat' dir='ltr'>Southfolchiae</span> <span class='ocrx_word' id='word_1_107' title='bbox 1476 1879 1565 1921; x_wconf 90' lang='lat' dir='ltr'>anno</span> <span class='ocrx_word' id='word_1_108' title='bbox 1587 1859 1647 1922; x_wconf 93' lang='lat' dir='ltr'>Xti</span> 
     </span>
     <span class='ocr_line' id='line_1_13' title="bbox 301 1976 1648 2057; baseline 0.001 -17"><span class='ocrx_word' id='word_1_109' title='bbox 301 1987 383 2057; x_wconf 87' lang='lat'>1450</span> <span class='ocrx_word' id='word_1_110' title='bbox 405 1978 438 2040; x_wconf 91' lang='lat' dir='ltr'>in</span> <span class='ocrx_word' id='word_1_111' title='bbox 461 1986 550 2041; x_wconf 89' lang='lat' dir='ltr'>turre</span> <span class='ocrx_word' id='word_1_112' title='bbox 573 1978 821 2042; x_wconf 90' lang='lat' dir='ltr'>Londoniarum</span> <span class='ocrx_word' id='word_1_113' title='bbox 847 1978 1074 2053; x_wconf 86' lang='lat' dir='ltr'>incarcerat03</span> <span class='ocrx_word' id='word_1_114' title='bbox 1110 1976 1184 2039; x_wconf 90' lang='lat' dir='ltr'>duci</span> <span class='ocrx_word' id='word_1_115' title='bbox 1211 1976 1299 2039; x_wconf 89' lang='lat' dir='ltr'>enim</span> <span class='ocrx_word' id='word_1_116' title='bbox 1326 1976 1482 2041; x_wconf 88' lang='lat' dir='ltr'>existenti</span> <span class='ocrx_word' id='word_1_117' title='bbox 1510 1979 1542 2040; x_wconf 93' lang='lat' dir='ltr'>in</span> <span class='ocrx_word' id='word_1_118' title='bbox 1568 1981 1648 2043; x_wconf 90' lang='lat' dir='ltr'>turri</span> 
     </span>
     <span class='ocr_line' id='line_1_14' title="bbox 298 2096 1650 2180; baseline 0.002 -20"><span class='ocrx_word' id='word_1_119' title='bbox 298 2118 344 2160; x_wconf 90' lang='lat' dir='ltr'>ex</span> <span class='ocrx_word' id='word_1_120' title='bbox 373 2096 517 2161; x_wconf 88' lang='lat' dir='ltr'>clamore</span> <span class='ocrx_word' id='word_1_121' title='bbox 542 2098 789 2162; x_wconf 88' lang='lat' dir='ltr'>communitatis</span> <span class='ocrx_word' id='word_1_122' title='bbox 812 2097 948 2180; x_wconf 87' lang='lat' dir='ltr'>Angliae</span> <span class='ocrx_word' id='word_1_123' title='bbox 977 2097 1020 2158; x_wconf 72' lang='lat' dir='ltr'>in&#39;</span> <span class='ocrx_word' id='word_1_124' title='bbox 1036 2096 1257 2160; x_wconf 89' lang='lat' dir='ltr'>Parliamento</span> <span class='ocrx_word' id='word_1_125' title='bbox 1279 2097 1436 2161; x_wconf 89' lang='lat' dir='ltr'>dixerunt</span> <span class='ocrx_word' id='word_1_126' title='bbox 1459 2101 1650 2178; x_wconf 89' lang='lat' dir='ltr'>astronomi,</span> 
     </span>
     <span class='ocr_line' id='line_1_15' title="bbox 298 2216 1649 2302; baseline 0.001 -20"><span class='ocrx_word' id='word_1_127' title='bbox 298 2217 452 2282; x_wconf 90' lang='lat' dir='ltr'>‘domine</span> <span class='ocrx_word' id='word_1_128' title='bbox 481 2217 562 2295; x_wconf 90' lang='lat' dir='ltr'>dux,</span> <span class='ocrx_word' id='word_1_129' title='bbox 588 2219 615 2281; x_wconf 92' lang='lat' dir='ltr'>si</span> <span class='ocrx_word' id='word_1_130' title='bbox 646 2220 796 2302; x_wconf 90' lang='lat' dir='ltr'>poteritis</span> <span class='ocrx_word' id='word_1_131' title='bbox 825 2220 965 2283; x_wconf 87' lang='lat' dir='ltr'>evadere</span> <span class='ocrx_word' id='word_1_132' title='bbox 994 2217 1088 2280; x_wconf 90' lang='lat' dir='ltr'>vivus</span> <span class='ocrx_word' id='word_1_133' title='bbox 1116 2216 1159 2280; x_wconf 91' lang='lat' dir='ltr'>ab</span> <span class='ocrx_word' id='word_1_134' title='bbox 1189 2217 1253 2279; x_wconf 91' lang='lat' dir='ltr'>ista</span> <span class='ocrx_word' id='word_1_135' title='bbox 1283 2218 1362 2280; x_wconf 90' lang='lat' dir='ltr'>turri</span> <span class='ocrx_word' id='word_1_136' title='bbox 1393 2217 1649 2298; x_wconf 89' lang='lat' dir='ltr'>Londoniarum‚</span> 
     </span>
     <span class='ocr_line' id='line_1_16' title="bbox 298 2336 1650 2422; baseline 0.002 -21"><span class='ocrx_word' id='word_1_137' title='bbox 298 2338 360 2401; x_wconf 92' lang='lat' dir='ltr'>sub</span> <span class='ocrx_word' id='word_1_138' title='bbox 382 2357 485 2421; x_wconf 87' lang='lat' dir='ltr'>poena</span> <span class='ocrx_word' id='word_1_139' title='bbox 507 2338 624 2422; x_wconf 89' lang='lat' dir='ltr'>capitis</span> <span class='ocrx_word' id='word_1_140' title='bbox 647 2340 750 2404; x_wconf 90' lang='lat' dir='ltr'>nostri</span> <span class='ocrx_word' id='word_1_141' title='bbox 774 2339 873 2403; x_wconf 92' lang='lat' dir='ltr'>exitis</span> <span class='ocrx_word' id='word_1_142' title='bbox 894 2347 973 2402; x_wconf 90' lang='lat' dir='ltr'>tunc</span> <span class='ocrx_word' id='word_1_143' title='bbox 993 2357 1125 2400; x_wconf 92' lang='lat' dir='ltr'>securus</span> <span class='ocrx_word' id='word_1_144' title='bbox 1147 2336 1189 2399; x_wconf 91' lang='lat' dir='ltr'>ab</span> <span class='ocrx_word' id='word_1_145' title='bbox 1210 2336 1372 2400; x_wconf 88' lang='lat' dir='ltr'>occisione</span> <span class='ocrx_word' id='word_1_146' title='bbox 1392 2337 1613 2422; x_wconf 90' lang='lat' dir='ltr'>cujuscunque</span> <span class='ocrx_word' id='word_1_147' title='bbox 1626 2338 1650 2418; x_wconf 93' lang='lat'>;‘</span> 
     </span>
     <span class='ocr_line' id='line_1_17' title="bbox 299 2456 1650 2542; baseline 0.001 -22"><span class='ocrx_word' id='word_1_148' title='bbox 299 2468 335 2522; x_wconf 88' lang='lat' dir='ltr'>et</span> <span class='ocrx_word' id='word_1_149' title='bbox 363 2467 437 2522; x_wconf 90' lang='lat' dir='ltr'>tum</span> <span class='ocrx_word' id='word_1_150' title='bbox 467 2459 537 2540; x_wconf 88' lang='lat' dir='ltr'>ipse</span> <span class='ocrx_word' id='word_1_151' title='bbox 566 2460 639 2523; x_wconf 91' lang='lat' dir='ltr'>dux</span> <span class='ocrx_word' id='word_1_152' title='bbox 663 2479 722 2542; x_wconf 94' lang='lat' dir='ltr'>per</span> <span class='ocrx_word' id='word_1_153' title='bbox 748 2459 918 2524; x_wconf 90' lang='lat' dir='ltr'>licenciam</span> <span class='ocrx_word' id='word_1_154' title='bbox 945 2457 1049 2540; x_wconf 87' lang='lat' dir='ltr'>Regis</span> <span class='ocrx_word' id='word_1_155' title='bbox 1075 2456 1209 2539; x_wconf 87' lang='lat' dir='ltr'>Angliae</span> <span class='ocrx_word' id='word_1_156' title='bbox 1234 2456 1370 2521; x_wconf 90' lang='lat' dir='ltr'>Henrici</span> <span class='ocrx_word' id='word_1_157' title='bbox 1398 2457 1494 2522; x_wconf 86' lang='lat' dir='ltr'>Sexti</span> <span class='ocrx_word' id='word_1_158' title='bbox 1520 2480 1541 2523; x_wconf 83' lang='lat' dir='ltr'>a</span> <span class='ocrx_word' id='word_1_159' title='bbox 1570 2461 1650 2524; x_wconf 89' lang='lat' dir='ltr'>turri</span> 
     </span>
     <span class='ocr_line' id='line_1_18' title="bbox 300 2576 1650 2662; baseline 0.001 -21"><span class='ocrx_word' id='word_1_160' title='bbox 300 2577 550 2642; x_wconf 89' lang='lat' dir='ltr'>Londoniarum</span> <span class='ocrx_word' id='word_1_161' title='bbox 576 2578 706 2643; x_wconf 88' lang='lat' dir='ltr'>occulte</span> <span class='ocrx_word' id='word_1_162' title='bbox 732 2580 857 2658; x_wconf 88' lang='lat' dir='ltr'>exiens,</span> <span class='ocrx_word' id='word_1_163' title='bbox 883 2579 916 2641; x_wconf 95' lang='lat' dir='ltr'>in</span> <span class='ocrx_word' id='word_1_164' title='bbox 943 2577 1025 2640; x_wconf 90' lang='lat' dir='ltr'>mari</span> <span class='ocrx_word' id='word_1_165' title='bbox 1052 2585 1169 2659; x_wconf 90' lang='lat' dir='ltr'>captus</span> <span class='ocrx_word' id='word_1_166' title='bbox 1194 2576 1256 2640; x_wconf 85' lang='lat' dir='ltr'>suit</span> <span class='ocrx_word' id='word_1_167' title='bbox 1280 2587 1314 2641; x_wconf 88' lang='lat' dir='ltr'>et</span> <span class='ocrx_word' id='word_1_168' title='bbox 1339 2579 1465 2642; x_wconf 88' lang='lat' dir='ltr'>occisus</span> <span class='ocrx_word' id='word_1_169' title='bbox 1491 2600 1549 2662; x_wconf 94' lang='lat' dir='ltr'>per</span> <span class='ocrx_word' id='word_1_170' title='bbox 1575 2601 1650 2643; x_wconf 93' lang='lat' dir='ltr'>sen-</span> 
     </span>
     <span class='ocr_line' id='line_1_19' title="bbox 300 2697 1651 2764; baseline 0.001 -2"><span class='ocrx_word' id='word_1_171' title='bbox 300 2699 440 2762; x_wconf 89' lang='lat' dir='ltr'>tentiam</span> <span class='ocrx_word' id='word_1_172' title='bbox 471 2697 574 2762; x_wconf 90' lang='lat' dir='ltr'>latam</span> <span class='ocrx_word' id='word_1_173' title='bbox 604 2719 625 2762; x_wconf 85' lang='lat' dir='ltr'>a</span> <span class='ocrx_word' id='word_1_174' title='bbox 655 2698 787 2762; x_wconf 91' lang='lat' dir='ltr'>marinis</span> <span class='ocrx_word' id='word_1_175' title='bbox 813 2699 847 2761; x_wconf 92' lang='lat' dir='ltr'>in</span> <span class='ocrx_word' id='word_1_176' title='bbox 873 2698 949 2762; x_wconf 85' lang='lat' dir='ltr'>navi</span> <span class='ocrx_word' id='word_1_177' title='bbox 970 2707 1088 2761; x_wconf 90' lang='lat' dir='ltr'>vocata</span> <span class='ocrx_word' id='word_1_178' title='bbox 1118 2697 1301 2761; x_wconf 90' lang='lat' dir='ltr'>Nicholaus</span> <span class='ocrx_word' id='word_1_179' title='bbox 1331 2699 1374 2762; x_wconf 91' lang='lat' dir='ltr'>de</span> <span class='ocrx_word' id='word_1_180' title='bbox 1402 2698 1509 2762; x_wconf 91' lang='lat' dir='ltr'>Turri.</span> <span class='ocrx_word' id='word_1_181' title='bbox 1566 2701 1651 2764; x_wconf 86' lang='lat' dir='ltr'>Haec</span> 
     </span>
     <span class='ocr_line' id='line_1_20' title="bbox 300 2817 1446 2903; baseline -0.003 -19"><span class='ocrx_word' id='word_1_182' title='bbox 300 2819 389 2884; x_wconf 87' lang='lat' dir='ltr'>dixit</span> <span class='ocrx_word' id='word_1_183' title='bbox 410 2818 510 2882; x_wconf 89' lang='lat' dir='ltr'>michi</span> <span class='ocrx_word' id='word_1_184' title='bbox 532 2818 675 2883; x_wconf 87' lang='lat' dir='ltr'>famulus</span> <span class='ocrx_word' id='word_1_185' title='bbox 696 2818 848 2903; x_wconf 87' lang='lat' dir='ltr'>praedicti</span> <span class='ocrx_word' id='word_1_186' title='bbox 870 2818 963 2882; x_wconf 90' lang='lat' dir='ltr'>ducis</span> <span class='ocrx_word' id='word_1_187' title='bbox 985 2818 1041 2900; x_wconf 90' lang='lat' dir='ltr'>qui</span> <span class='ocrx_word' id='word_1_188' title='bbox 1064 2819 1157 2881; x_wconf 89' lang='lat' dir='ltr'>novit</span> <span class='ocrx_word' id='word_1_189' title='bbox 1178 2817 1242 2882; x_wconf 87' lang='lat' dir='ltr'>ista</span> <span class='ocrx_word' id='word_1_190' title='bbox 1264 2838 1336 2882; x_wconf 92' lang='lat' dir='ltr'>esse</span> <span class='ocrx_word' id='word_1_191' title='bbox 1357 2840 1446 2883; x_wconf 89' lang='lat' dir='ltr'>vera.</span> 
     </span>
    </p>

    <p class='ocr_par' dir='ltr' id='par_1_4' title="bbox 300 2937 1719 3623">
     <span class='ocr_line' id='line_1_21' title="bbox 389 2937 1651 3023; baseline 0.002 -21"><span class='ocrx_word' id='word_1_192' title='bbox 389 2937 613 3004; x_wconf 88' lang='lat' dir='ltr'>Consimiliter</span> <span class='ocrx_word' id='word_1_193' title='bbox 638 2952 689 3004; x_wconf 91' lang='lat' dir='ltr'>est</span> <span class='ocrx_word' id='word_1_194' title='bbox 714 2939 893 3004; x_wconf 90' lang='lat' dir='ltr'>dicendum</span> <span class='ocrx_word' id='word_1_195' title='bbox 919 2939 963 3002; x_wconf 88' lang='lat' dir='ltr'>de</span> <span class='ocrx_word' id='word_1_196' title='bbox 987 2938 1136 3020; x_wconf 91' lang='lat' dir='ltr'>pluribus</span> <span class='ocrx_word' id='word_1_197' title='bbox 1158 2938 1286 3003; x_wconf 90' lang='lat' dir='ltr'>indiciis</span> <span class='ocrx_word' id='word_1_198' title='bbox 1308 2950 1572 3004; x_wconf 90' lang='lat' dir='ltr'>astronomorum</span> <span class='ocrx_word' id='word_1_199' title='bbox 1595 2943 1651 3023; x_wconf 92' lang='lat' dir='ltr'>qui</span> 
     </span>
     <span class='ocr_line' id='line_1_22' title="bbox 301 3058 1653 3142; baseline 0.003 -21"><span class='ocrx_word' id='word_1_200' title='bbox 301 3059 335 3122; x_wconf 92' lang='lat' dir='ltr'>in</span> <span class='ocrx_word' id='word_1_201' title='bbox 359 3059 477 3123; x_wconf 92' lang='lat' dir='ltr'>diebus</span> <span class='ocrx_word' id='word_1_202' title='bbox 502 3059 585 3123; x_wconf 88' lang='lat' dir='ltr'>meis</span> <span class='ocrx_word' id='word_1_203' title='bbox 610 3059 646 3123; x_wconf 91' lang='lat' dir='ltr'>in</span> <span class='ocrx_word' id='word_1_204' title='bbox 668 3059 793 3142; x_wconf 88' lang='lat' dir='ltr'>Anglia</span> <span class='ocrx_word' id='word_1_205' title='bbox 818 3059 923 3123; x_wconf 88' lang='lat' dir='ltr'>multa</span> <span class='ocrx_word' id='word_1_206' title='bbox 945 3058 1054 3123; x_wconf 85' lang='lat' dir='ltr'>futura</span> <span class='ocrx_word' id='word_1_207' title='bbox 1077 3060 1304 3141; x_wconf 86' lang='lat' dir='ltr'>praedixerunt</span> <span class='ocrx_word' id='word_1_208' title='bbox 1326 3081 1467 3141; x_wconf 90' lang='lat' dir='ltr'>quorum</span> <span class='ocrx_word' id='word_1_209' title='bbox 1490 3064 1653 3126; x_wconf 88' lang='lat' dir='ltr'>contraria</span> 
     </span>
     <span class='ocr_line' id='line_1_23' title="bbox 300 3178 1651 3261; baseline 0.002 -19"><span class='ocrx_word' id='word_1_210' title='bbox 300 3179 405 3244; x_wconf 92' lang='lat' dir='ltr'>oculis</span> <span class='ocrx_word' id='word_1_211' title='bbox 434 3179 554 3243; x_wconf 88' lang='lat' dir='ltr'>nostris</span> <span class='ocrx_word' id='word_1_212' title='bbox 579 3179 749 3257; x_wconf 90' lang='lat' dir='ltr'>vidimus;</span> <span class='ocrx_word' id='word_1_213' title='bbox 781 3180 1007 3261; x_wconf 72' lang='lat' dir='ltr'>praedixerunt</span> <span class='ocrx_word' id='word_1_214' title='bbox 1032 3178 1129 3256; x_wconf 90' lang='lat' dir='ltr'>enim,</span> <span class='ocrx_word' id='word_1_215' title='bbox 1152 3181 1242 3260; x_wconf 92' lang='lat' dir='ltr'>quod</span> <span class='ocrx_word' id='word_1_216' title='bbox 1273 3180 1299 3242; x_wconf 94' lang='lat' dir='ltr'>si</span> <span class='ocrx_word' id='word_1_217' title='bbox 1332 3181 1404 3243; x_wconf 89' lang='lat' dir='ltr'>dux</span> <span class='ocrx_word' id='word_1_218' title='bbox 1436 3180 1651 3246; x_wconf 85' lang='lat' dir='ltr'>Suthsolchiae</span> 
     </span>
     <span class='ocr_line' id='line_1_24' title="bbox 301 3299 1719 3384; baseline 0.002 -21"><span class='ocrx_word' id='word_1_219' title='bbox 301 3299 492 3364; x_wconf 88' lang='lat' dir='ltr'>Willelmus</span> <span class='ocrx_word' id='word_1_220' title='bbox 524 3299 606 3364; x_wconf 90' lang='lat' dir='ltr'>Pule</span> <span class='ocrx_word' id='word_1_221' title='bbox 638 3310 726 3364; x_wconf 90' lang='lat' dir='ltr'>esset</span> <span class='ocrx_word' id='word_1_222' title='bbox 764 3309 860 3363; x_wconf 87' lang='lat' dir='ltr'>extra</span> <span class='ocrx_word' id='word_1_223' title='bbox 895 3300 1010 3363; x_wconf 90' lang='lat' dir='ltr'>turrim</span> <span class='ocrx_word' id='word_1_224' title='bbox 1045 3299 1293 3363; x_wconf 90' lang='lat' dir='ltr'>Londoniarum</span> <span class='ocrx_word' id='word_1_225' title='bbox 1330 3321 1498 3383; x_wconf 90' lang='lat' dir='ltr'>nunquam</span> <span class='ocrx_word' id='word_1_226' title='bbox 1535 3316 1653 3384; x_wconf 84' lang='lat' dir='ltr'>postea</span> <span class='ocrx_word' id='word_1_227' title='bbox 1712 3333 1719 3343; x_wconf 90' lang='lat'><strong>·</strong></span> 
     </span>
     <span class='ocr_line' id='line_1_25' title="bbox 301 3419 1652 3502; baseline 0.001 -18"><span class='ocrx_word' id='word_1_228' title='bbox 301 3428 390 3484; x_wconf 87' lang='lat' dir='ltr'>esset</span> <span class='ocrx_word' id='word_1_229' title='bbox 413 3420 549 3494; x_wconf 88' lang='lat' dir='ltr'>occisus,</span> <span class='ocrx_word' id='word_1_230' title='bbox 575 3429 608 3483; x_wconf 88' lang='lat' dir='ltr'>et</span> <span class='ocrx_word' id='word_1_231' title='bbox 632 3429 746 3483; x_wconf 90' lang='lat' dir='ltr'>tamen</span> <span class='ocrx_word' id='word_1_232' title='bbox 770 3429 889 3502; x_wconf 89' lang='lat' dir='ltr'>postea</span> <span class='ocrx_word' id='word_1_233' title='bbox 914 3441 934 3482; x_wconf 87' lang='lat' dir='ltr'>a</span> <span class='ocrx_word' id='word_1_234' title='bbox 964 3419 1097 3483; x_wconf 90' lang='lat' dir='ltr'>marinis</span> <span class='ocrx_word' id='word_1_235' title='bbox 1121 3419 1183 3484; x_wconf 86' lang='lat' dir='ltr'>fuit</span> <span class='ocrx_word' id='word_1_236' title='bbox 1209 3421 1242 3483; x_wconf 90' lang='lat' dir='ltr'>in</span> <span class='ocrx_word' id='word_1_237' title='bbox 1271 3421 1352 3483; x_wconf 90' lang='lat' dir='ltr'>mari</span> <span class='ocrx_word' id='word_1_238' title='bbox 1376 3422 1501 3486; x_wconf 88' lang='lat' dir='ltr'>occisus</span> <span class='ocrx_word' id='word_1_239' title='bbox 1531 3432 1565 3486; x_wconf 88' lang='lat' dir='ltr'>et</span> <span class='ocrx_word' id='word_1_240' title='bbox 1596 3424 1652 3486; x_wconf 95' lang='lat' dir='ltr'>de-</span> 
     </span>
     <span class='ocr_line' id='line_1_26' title="bbox 303 3539 1036 3623; baseline -0.001 -18"><span class='ocrx_word' id='word_1_241' title='bbox 303 3540 443 3605; x_wconf 88' lang='lat' dir='ltr'>collatus</span> <span class='ocrx_word' id='word_1_242' title='bbox 465 3541 500 3603; x_wconf 90' lang='lat' dir='ltr'>in</span> <span class='ocrx_word' id='word_1_243' title='bbox 521 3560 625 3623; x_wconf 87' lang='lat' dir='ltr'>parva</span> <span class='ocrx_word' id='word_1_244' title='bbox 646 3541 721 3603; x_wconf 90' lang='lat' dir='ltr'>navi</span> <span class='ocrx_word' id='word_1_245' title='bbox 749 3551 831 3619; x_wconf 86' lang='lat'>1450</span> <span class='ocrx_word' id='word_1_246' title='bbox 854 3560 942 3604; x_wconf 91' lang='lat' dir='ltr'>anno</span> <span class='ocrx_word' id='word_1_247' title='bbox 965 3539 1036 3604; x_wconf 91' lang='lat' dir='ltr'>Xti.</span> 
     </span>
    </p>

    <p class='ocr_par' dir='ltr' id='par_1_5' title="bbox 303 3659 1655 4349">
     <span class='ocr_line' id='line_1_27' title="bbox 390 3659 1654 3739; baseline 0.005 -18"><span class='ocrx_word' id='word_1_248' title='bbox 390 3669 428 3738; x_wconf 83' lang='lat' dir='ltr'>[p.</span> <span class='ocrx_word' id='word_1_249' title='bbox 449 3668 517 3734; x_wconf 76' lang='lat' dir='ltr'>uo]</span> <span class='ocrx_word' id='word_1_250' title='bbox 553 3666 758 3736; x_wconf 79' lang='lat' dir='ltr'>Baptismus.</span> <span class='ocrx_word' id='word_1_251' title='bbox 783 3660 940 3726; x_wconf 88' lang='lat' dir='ltr'>Ostendit</span> <span class='ocrx_word' id='word_1_252' title='bbox 963 3659 1107 3725; x_wconf 89' lang='lat' dir='ltr'>Sanctus</span> <span class='ocrx_word' id='word_1_253' title='bbox 1130 3661 1325 3739; x_wconf 79' lang='lat' dir='ltr'>BernarduS,</span> <span class='ocrx_word' id='word_1_254' title='bbox 1351 3662 1467 3727; x_wconf 90' lang='lat' dir='ltr'>doctor</span> <span class='ocrx_word' id='word_1_255' title='bbox 1489 3673 1523 3726; x_wconf 90' lang='lat' dir='ltr'>et</span> <span class='ocrx_word' id='word_1_256' title='bbox 1549 3663 1654 3727; x_wconf 91' lang='lat' dir='ltr'>abbas</span> 
     </span>
     <span class='ocr_line' id='line_1_28' title="bbox 303 3779 1653 3866; baseline 0.001 -20"><span class='ocrx_word' id='word_1_257' title='bbox 303 3779 506 3858; x_wconf 85' lang='lat' dir='ltr'>Clarevallis‚</span> <span class='ocrx_word' id='word_1_258' title='bbox 536 3781 570 3843; x_wconf 90' lang='lat' dir='ltr'>in</span> <span class='ocrx_word' id='word_1_259' title='bbox 604 3780 745 3863; x_wconf 87' lang='lat' dir='ltr'>epistola</span> <span class='ocrx_word' id='word_1_260' title='bbox 781 3781 824 3844; x_wconf 90' lang='lat' dir='ltr'>ad</span> <span class='ocrx_word' id='word_1_261' title='bbox 858 3780 972 3843; x_wconf 85' lang='lat' dir='ltr'>Adam</span> <span class='ocrx_word' id='word_1_262' title='bbox 1003 3780 1201 3844; x_wconf 90' lang='lat' dir='ltr'>monachum</span> <span class='ocrx_word' id='word_1_263' title='bbox 1231 3782 1274 3844; x_wconf 89' lang='lat' dir='ltr'>de</span> <span class='ocrx_word' id='word_1_264' title='bbox 1302 3783 1503 3846; x_wconf 90' lang='lat' dir='ltr'>obediencia.</span> <span class='ocrx_word' id='word_1_265' title='bbox 1563 3784 1653 3866; x_wconf 85' lang='lat' dir='ltr'>Papa</span> 
     </span>
     <span class='ocr_line' id='line_1_29' title="bbox 303 3899 1654 3983; baseline 0.001 -17"><span class='ocrx_word' id='word_1_266' title='bbox 303 3911 420 3966; x_wconf 91' lang='lat' dir='ltr'>contra</span> <span class='ocrx_word' id='word_1_267' title='bbox 446 3921 571 3965; x_wconf 89' lang='lat' dir='ltr'>meram</span> <span class='ocrx_word' id='word_1_268' title='bbox 598 3902 762 3966; x_wconf 90' lang='lat' dir='ltr'>racionem</span> <span class='ocrx_word' id='word_1_269' title='bbox 790 3910 824 3964; x_wconf 89' lang='lat' dir='ltr'>et</span> <span class='ocrx_word' id='word_1_270' title='bbox 851 3899 1055 3983; x_wconf 89' lang='lat' dir='ltr'>Scripturam</span> <span class='ocrx_word' id='word_1_271' title='bbox 1077 3922 1203 3966; x_wconf 89' lang='lat' dir='ltr'>sacram</span> <span class='ocrx_word' id='word_1_272' title='bbox 1231 3902 1319 3966; x_wconf 95' lang='lat' dir='ltr'>licite</span> <span class='ocrx_word' id='word_1_273' title='bbox 1344 3903 1450 3967; x_wconf 85' lang='lat' dir='ltr'>facere</span> <span class='ocrx_word' id='word_1_274' title='bbox 1476 3903 1528 3967; x_wconf 90' lang='lat' dir='ltr'>vel</span> <span class='ocrx_word' id='word_1_275' title='bbox 1554 3905 1654 3968; x_wconf 89' lang='lat' dir='ltr'>licen-</span> 
     </span>
     <span class='ocr_line' id='line_1_30' title="bbox 304 4021 1653 4105; baseline 0.001 -19"><span class='ocrx_word' id='word_1_276' title='bbox 304 4023 391 4086; x_wconf 89' lang='lat' dir='ltr'>ciare</span> <span class='ocrx_word' id='word_1_277' title='bbox 408 4042 474 4087; x_wconf 90' lang='lat' dir='ltr'>non</span> <span class='ocrx_word' id='word_1_278' title='bbox 490 4030 609 4105; x_wconf 91' lang='lat' dir='ltr'>potest,</span> <span class='ocrx_word' id='word_1_279' title='bbox 625 4023 702 4105; x_wconf 90' lang='lat' dir='ltr'>quia</span> <span class='ocrx_word' id='word_1_280' title='bbox 720 4021 791 4103; x_wconf 90' lang='lat' dir='ltr'>ejus</span> <span class='ocrx_word' id='word_1_281' title='bbox 809 4030 958 4104; x_wconf 84' lang='lat' dir='ltr'>potestas</span> <span class='ocrx_word' id='word_1_282' title='bbox 976 4023 1056 4086; x_wconf 86' lang='lat' dir='ltr'>data</span> <span class='ocrx_word' id='word_1_283' title='bbox 1076 4022 1118 4086; x_wconf 90' lang='lat' dir='ltr'>sit</span> <span class='ocrx_word' id='word_1_284' title='bbox 1137 4023 1170 4085; x_wconf 93' lang='lat' dir='ltr'>in</span> <span class='ocrx_word' id='word_1_285' title='bbox 1191 4023 1449 4087; x_wconf 69' lang='lat' dir='ltr'>{edificacionem</span> <span class='ocrx_word' id='word_1_286' title='bbox 1469 4024 1653 4088; x_wconf 85' lang='lat' dir='ltr'>animarum</span> 
     </span>
     <span class='ocr_line' id='line_1_31' title="bbox 303 4142 1654 4226; baseline 0.001 -19"><span class='ocrx_word' id='word_1_287' title='bbox 303 4152 339 4208; x_wconf 91' lang='lat' dir='ltr'>et</span> <span class='ocrx_word' id='word_1_288' title='bbox 363 4162 480 4206; x_wconf 85' lang='lat' dir='ltr'>eorum</span> <span class='ocrx_word' id='word_1_289' title='bbox 511 4163 587 4225; x_wconf 83' lang='lat' dir='ltr'>quae</span> <span class='ocrx_word' id='word_1_290' title='bbox 617 4142 691 4206; x_wconf 93' lang='lat' dir='ltr'>Deo</span> <span class='ocrx_word' id='word_1_291' title='bbox 721 4143 863 4226; x_wconf 86' lang='lat' dir='ltr'>placent,</span> <span class='ocrx_word' id='word_1_292' title='bbox 887 4152 920 4206; x_wconf 92' lang='lat' dir='ltr'>et</span> <span class='ocrx_word' id='word_1_293' title='bbox 951 4163 1016 4206; x_wconf 90' lang='lat' dir='ltr'>non</span> <span class='ocrx_word' id='word_1_294' title='bbox 1046 4153 1083 4206; x_wconf 91' lang='lat' dir='ltr'>ut</span> <span class='ocrx_word' id='word_1_295' title='bbox 1113 4144 1293 4207; x_wconf 90' lang='lat' dir='ltr'>secundum</span> <span class='ocrx_word' id='word_1_296' title='bbox 1323 4144 1529 4208; x_wconf 90' lang='lat' dir='ltr'>voluntatem</span> <span class='ocrx_word' id='word_1_297' title='bbox 1558 4166 1654 4209; x_wconf 92' lang='lat' dir='ltr'>suam</span> 
     </span>
     <span class='ocr_line' id='line_1_32' title="bbox 305 4262 1655 4349; baseline 0.002 -22"><span class='ocrx_word' id='word_1_298' title='bbox 305 4262 414 4341; x_wconf 84' lang='lat' dir='ltr'>saciat,</span> <span class='ocrx_word' id='word_1_299' title='bbox 429 4273 464 4328; x_wconf 87' lang='lat' dir='ltr'>et</span> <span class='ocrx_word' id='word_1_300' title='bbox 483 4263 511 4326; x_wconf 91' lang='lat' dir='ltr'>si</span> <span class='ocrx_word' id='word_1_301' title='bbox 531 4263 632 4328; x_wconf 87' lang='lat' dir='ltr'>verbo</span> <span class='ocrx_word' id='word_1_302' title='bbox 652 4284 713 4327; x_wconf 93' lang='lat' dir='ltr'>suo</span> <span class='ocrx_word' id='word_1_303' title='bbox 728 4264 781 4328; x_wconf 90' lang='lat' dir='ltr'>vel</span> <span class='ocrx_word' id='word_1_304' title='bbox 800 4263 888 4328; x_wconf 84' lang='lat' dir='ltr'>sacto</span> <span class='ocrx_word' id='word_1_305' title='bbox 907 4264 1069 4327; x_wconf 86' lang='lat' dir='ltr'>contraria</span> <span class='ocrx_word' id='word_1_306' title='bbox 1089 4264 1198 4341; x_wconf 83' lang='lat' dir='ltr'>saciat,</span> <span class='ocrx_word' id='word_1_307' title='bbox 1214 4264 1265 4327; x_wconf 90' lang='lat' dir='ltr'>vel</span> <span class='ocrx_word' id='word_1_308' title='bbox 1287 4265 1474 4346; x_wconf 80' lang='lat' dir='ltr'>ignorancia</span> <span class='ocrx_word' id='word_1_309' title='bbox 1495 4267 1655 4349; x_wconf 91' lang='lat' dir='ltr'>decipitur</span> 
     </span>
    </p>
   </div>
   <div class='ocr_carea' id='block_1_3' title="bbox 0 0 1930 4904">
    <p class='ocr_par' dir='ltr' id='par_1_6' title="bbox 0 0 1930 4904">
     <span class='ocr_line' id='line_1_33' title="bbox 0 0 1930 4904; baseline 0 0"><span class='ocrx_word' id='word_1_310' title='bbox 0 0 1930 4904; x_wconf 95' lang='lat' dir='ltr'> </span> 
     </span>
    </p>
   </div>
  </div>
 </body>
</html>
