3818 4904
660 443 759 498 LOCI
785 444 814 496 E
842 442 968 499 LIBRO
1004 442 1264 499 VERITATUM.
1582 435 1640 498 181

371 669 407 736 [p.
428 668 500 734 45²]
554 657 780 722 Consimiliter
809 657 958 721 Thomas
995 657 1159 733 mundet,
1193 657 1458 740 archiepiscopus
1497 655 1643 724 Cantua·

285 781 399 844 riensis
425 782 482 863 qui
509 780 570 844 fuit
595 781 628 843 in
654 780 760 863 gradu
787 781 962 844 scolastico
987 779 1132 844 Oxoniae
1158 778 1354 843 bacallarius
1380 778 1521 843 Arcium
1546 779 1644 843 liber·

283 902 394 977 alium,
423 903 457 965 in
487 902 626 966 concilio
656 899 856 983 provinciale
888 900 1135 965 Cantuariensis
1166 901 1351 982 provinciae,
1376 921 1452 964 cum
1482 919 1642 965 consensu

284 1022 435 1104 ejusdem
461 1021 710 1086 convocacionis
740 1020 951 1103 provincialis
980 1021 1237 1098 cantuariensis,
1261 1019 1339 1084 fecit
1370 1021 1643 1085 constitucionem

283 1142 528 1225 provincialem,
551 1143 643 1224 quod
674 1141 791 1216 nullus,
816 1161 882 1204 non
909 1141 1143 1223 privilegiatus,
1168 1159 1228 1204 nec
1251 1162 1272 1203 a
1291 1140 1364 1221 jure
1390 1140 1558 1204 communi
1585 1141 1645 1203 ad-

285 1263 413 1339 missus,
436 1262 631 1344 praedicaret
654 1261 688 1324 in
711 1261 823 1343 aliquo
846 1261 920 1325 loco
944 1260 1191 1325 Cantuariensis
1214 1260 1399 1343 provinciae,
1423 1260 1484 1323 nis‘i
1506 1260 1645 1324 haberet

284 1381 455 1447 licenciam
480 1382 529 1445 sui
554 1383 699 1463 episcopi
725 1381 891 1445 diocesani
920 1383 1078 1464 scriptam
1102 1389 1135 1444 et
1159 1379 1267 1463 sigillo
1291 1380 1436 1462 episcopi
1458 1381 1643 1464 signatam;

286 1515 320 1568 et
346 1513 465 1587 postea
490 1504 593 1566 verbo
620 1504 685 1566 Dei
712 1503 758 1566 sic
788 1502 902 1585 ligat0,
929 1511 962 1566 et
993 1501 1147 1585 pluribus
1171 1501 1268 1564 malis
1294 1522 1339 1564 ex
1365 1500 1427 1565 hoc
1458 1501 1491 1566 in
1518 1501 1645 1585 Anglia

286 1624 522 1707 multiplicatis,
553 1623 699 1706 episcopi
730 1623 825 1706 quasi
856 1623 964 1686 nullos
998 1623 1041 1686 ad
1074 1622 1322 1704 praedicandum
1354 1622 1522 1700 miserunt,
1553 1631 1587 1686 et
1616 1623 1644 1686 si

284 1766 369 1828 quos
391 1766 452 1828 per
474 1745 670 1808 instanciam
698 1743 894 1808 secularium
918 1744 1062 1807 virorum
1089 1743 1303 1818 admiserunt,
1326 1763 1464 1826 magnas
1489 1745 1645 1826 pecunias

284 1886 346 1948 pro
376 1866 444 1928 suis
469 1865 587 1928 litteris
613 1875 647 1929 et
673 1863 782 1947 sigillo
809 1865 993 1946 exigerunt,
1018 1873 1053 1927 et
1083 1871 1284 1945 receperunt,
1311 1871 1344 1926 et
1374 1863 1500 1927 dabant
1530 1865 1645 1945 paucis

285 1986 466 2063 licenciam,
490 1994 524 2048 et
550 1995 681 2049 tantum
705 2005 781 2048 cum
808 1984 870 2048 hac
897 1984 1051 2061 clausula,
1073 1984 1249 2064 ‘quamdiu
1273 1982 1369 2046 nobis
1391 1983 1553 2065 placuerit
1564 1982 1583 2061 ;'
1611 1995 1645 2048 et

285 2109 332 2170 sic
359 2107 460 2170 verbo
484 2106 548 2169 Dei
575 2118 653 2169 tunc
668 2107 726 2169 ·sic
748 2105 895 2187 alligato,
918 2105 1007 2168 idem
1034 2103 1300 2187 archiepiscopus
1322 2102 1475 2167 Arundel
1498 2106 1546 2169 ita
1571 2126 1645 2187 per-

286 2247 400 2291 cussus
425 2227 458 2288 in
482 2235 616 2309 gutture
640 2226 710 2303 luit,
734 2226 824 2307 quod
852 2245 1022 2307 nunquam
1048 2245 1153 2306 usque
1179 2226 1222 2287 ad
1248 2234 1390 2289 mortem
1413 2246 1507 2288 suam
1535 2227 1645 2307 potuit

287 2347 451 2430 deglutire
482 2367 542 2409 nec
569 2347 669 2428 loqui,
695 2356 730 2408 et
759 2347 814 2422 sic,
836 2348 893 2427 qui
919 2346 1056 2408 verbum
1084 2345 1149 2408 Dei
1176 2344 1288 2427 lingua
1317 2365 1377 2407 sua
1406 2347 1588 2427 suspendit,
1612 2348 1644 2408 in

287 2467 401 2551 lingua
429 2488 490 2530 sua
520 2466 641 2549 ligatus
670 2465 733 2529 fuit
762 2466 897 2549 quando
928 2465 1018 2548 loqui
1050 2466 1198 2529 maxime
1227 2476 1306 2528 ante
1336 2476 1476 2529 mortem
1506 2467 1645 2547 optavit.

289 2588 404 2652 Homo
429 2589 517 2651 enim
545 2608 612 2650 non
636 2588 821 2669 imponeret
845 2586 1012 2650 silentium
1035 2586 1190 2650 omnibus
1212 2586 1402 2649 doctoribus
1424 2596 1457 2649 et
1482 2587 1645 2671 episeopis

286 2709 439 2790 eoquod
463 2707 573 2790 plures
596 2709 638 2770 de
661 2709 809 2789 utrisque
830 2708 975 2771 haeretici
997 2707 1128 2770 suerunt

374 2839 412 2906 [p.
436 2838 508 2904 437]
555 2827 787 2907 Consimiliter,
809 2829 961 2893 doctores
985 2840 1019 2893 et
1044 2829 1189 2912 episcopi
1215 2827 1293 2891 boni
1320 2828 1467 2893 dicerent
1494 2838 1528 2893 et
1561 2851 1645 2913 praed

286 2953 436 3016 dicarent
468 2951 601 3033 regibus
632 2959 665 3013 et
695 2951 839 3014 dominis
875 2951 1060 3026 mundanis,
1092 2960 1129 3013 ut
1162 2949 1368 3013 dimitterent
1405 2951 1579 3034 episcopos
1611 2962 1646 3016 et

287 3077 431 3131 rectores
455 3075 489 3129 et
514 3066 655 3129 vicarios
678 3087 699 3128 a
725 3067 822 3130 curiis
845 3068 922 3142 suis,
950 3076 986 3130 ut
1014 3076 1103 3130 recte
1125 3065 1345 3130 sacrificarent
1372 3065 1434 3147 ipsi
1461 3076 1495 3130 et
1520 3068 1645 3132 subditi

287 3209 402 3252 eorum
434 3187 592 3250 Domino.
651 3187 757 3253 Recte
784 3189 872 3251 enim
898 3188 1127 3265 sacrificarent,
1150 3187 1177 3249 si
1200 3207 1301 3269 opera
1323 3206 1409 3250 curae
1432 3208 1501 3250 suae
1524 3188 1645 3266 debita,

287 3309 469 3374 residentes
492 3309 577 3371 inter
603 3309 754 3372 subditos
781 3330 867 3385 suos,
891 3309 1057 3386 lacerent3
1092 3309 1176 3391 perit
1206 3308 1294 3371 enim
1321 3307 1468 3386 ecclesia,
1494 3311 1572 3391 quia
1596 3310 1645 3372 in·

287 3432 380 3513 digni
410 3441 488 3494 sunt
518 3430 661 3495 ordinati
693 3432 725 3492 in
760 3440 910 3512 pastores
942 3441 976 3495 et
1007 3431 1179 3495 officiarios
1209 3431 1365 3508 ecclesiae,
1395 3441 1429 3494 et
1459 3431 1537 3513 quia
1564 3431 1645 3494 boni

286 3552 434 3635 episcopi
460 3562 495 3616 et
520 3552 624 3616 curati
652 3572 717 3615 non
745 3553 889 3616 resident
915 3572 991 3617 cum
1018 3553 1169 3616 subditis.
1213 3552 1276 3616 Vae
1302 3551 1366 3615 hiis
1390 3551 1445 3633 qui
1473 3551 1646 3616 conferunt

287 3673 443 3737 ecclesias
472 3682 507 3737 et
537 3673 645 3737 officia
675 3673 781 3749 alicui,
807 3695 873 3737 non
901 3674 1075 3738 intendens
1099 3673 1323 3756 principaliter
1347 3683 1383 3737 ut
1407 3694 1508 3755 opera
1531 3673 1646 3737 debita

286 3814 399 3857 coram
423 3794 499 3857 Deo
524 3806 613 3857 recte
639 3794 787 3877 perficiat
814 3795 847 3858 in
873 3795 993 3878 seipso,
1016 3806 1051 3860 et
1074 3796 1108 3859 in
1133 3795 1215 3871 aliis,
1238 3806 1288 3859 set
1312 3806 1349 3859 ut
1375 3797 1500 3860 ditetur
1526 3806 1560 3860 et
1583 3795 1645 3857 im·

288 3915 466 3998 pinguetur
487 3914 623 3993 deliciis,
645 3925 677 3979 et
701 3917 790 3998 quod
813 3917 970 3981 dilatetur
991 3917 1172 3980 honoribus
1196 3918 1379 3990 mundanis,
1399 3928 1433 3980 et
1456 3918 1545 3999 quod
1569 3936 1644 3999 pro·

278 4017 400 4097 'motus
429 4034 550 4098 serviat
579 4035 622 4096 de
652 4036 748 4099 bonis
779 4035 926 4100 ecclesiae
957 4035 1004 4099 illi
1034 4038 1091 4119 qui
1121 4037 1301 4118 adquisivit
1331 4039 1360 4100 ei
1391 4036 1563 4100 ecclesiam
1592 4036 1644 4100 vel

287 4156 441 4232 officium,
460 4164 493 4219 et
516 4156 562 4219 sic
580 4158 650 4240 jam
672 4157 819 4222 ecclesiae
841 4168 876 4222 et
899 4158 1108 4240 episcopatus
1131 4168 1207 4221 sunt
1225 4158 1401 4240 pensiones
1422 4167 1456 4221 et
1477 4159 1645 4222 mercedes

286 4297 456 4340 servorum
488 4299 603 4360 regum
634 4290 667 4344 et
699 4281 908 4345 dominorum
940 4281 1194 4345 mundanorum.
1240 4280 1332 4344 Talis
1360 4289 1409 4345 est
1440 4279 1644 4358 maledictus,
