3818 4904
306 418 349 484 34
682 408 782 464 LOCI
807 410 837 462 E
866 408 989 462 LIBRO
1025 407 1283 462 VERITATUM.

307 642 380 684 ores
403 632 523 686 vacant
549 622 682 702 deliciis
710 633 743 687 et
773 624 983 706 episcopatus
1010 633 1043 686 et
1072 643 1193 705 magna
1220 622 1326 685 officia
1357 621 1503 685 ecclesiae
1533 620 1660 684 babent

306 743 369 805 sibi
396 742 475 824 ipsis
502 763 667 819 concessa,
691 745 815 807 domini
846 753 1025 826 antequam
1055 752 1186 821 vacent,
1215 752 1249 806 et
1271 762 1370 805 onera
1393 763 1452 804 sua
1475 741 1547 805 aliis
1570 761 1661 805 com-

308 863 445 926 mittunt
464 872 497 927 et
518 863 578 946 ipsi
601 886 666 927 non
688 875 914 947 cooperantur,
930 885 990 927 nec
1013 863 1169 946 operibus
1193 862 1381 925 melioribus
1397 872 1431 926 et
1446 862 1663 925 sanctioribus

306 991 436 1060 vacant,
459 994 493 1048 et
516 1005 631 1048 omnes
655 986 877 1050 correcciones
900 986 1084 1049 animarum
1110 983 1177 1046 lere
1200 984 1412 1046 destruuntur
1435 1004 1494 1065 per
1513 981 1663 1065 appella-

306 1102 418 1167 ciones
446 1103 500 1167 vel
538 1125 597 1186 per
632 1105 846 1170 inhibicioues
878 1104 986 1197 Curiae
1017 1106 1060 1168 de
1090 1103 1244 1167 Arcubus
1275 1100 1477 1167 Londoniae!
1537 1104 1576 1166 In
1611 1103 1662 1165 his

307 1221 425 1287 diebus
446 1223 548 1288 habet
578 1226 754 1290 duodecim
778 1226 961 1308 prebendas
984 1246 1069 1287 unus
1090 1223 1222 1305 juvenis
1245 1224 1363 1301 fatuus,
1390 1245 1490 1306 quem
1517 1225 1602 1301 novi,
1629 1233 1662 1286 et

307 1363 410 1406 unum
435 1365 592 1426 magnum
615 1345 918 1410 archidiaconatum
941 1346 974 1408 in
1002 1344 1136 1427 Anglia,
1166 1355 1199 1408 et
1229 1353 1300 1408 tum
1329 1364 1395 1407 non
1419 1353 1469 1408 est
1498 1344 1661 1417 sacerdos

307 1480 529 1547 necunquam
546 1466 608 1530 erit
627 1466 747 1529 habilis
763 1476 799 1529 ut
814 1467 857 1529 sit
876 1466 1036 1544 sacerdos,
1053 1466 1113 1528 nisi
1128 1465 1219 1527 Deus
1234 1464 1332 1527 iaciat
1349 1463 1563 1543 miraculum;
1587 1465 1669 1527 novi·

306 1585 396 1647 enim
420 1585 509 1667 quod
532 1606 553 1649 a
572 1585 748 1668 juventute
771 1607 830 1649 sua
844 1587 904 1650 luit
928 1594 962 1649 et
984 1595 1034 1649 est
1056 1585 1167 1650 fatuus
1190 1585 1401 1649 naturaliter:
1425 1594 1459 1648 et
1478 1585 1553 1647 novi
1573 1585 1669 1667 quod·

307 1702 381 1769 laici
408 1705 594 1787 voluptuosi
626 1716 659 1771 et
685 1707 719 1769 in
744 1706 905 1770 adulterio
931 1705 1227 1805 viventesqhabent
1254 1705 1342 1768 bona
1365 1726 1423 1768 sua
1447 1714 1480 1768 et
1511 1704 1610 1790 n'gbil
1633 1705 1662 1768 ei

306 1826 456 1889 tribuunt
482 1826 544 1889 nisi
569 1827 658 1909 quod
682 1827 729 1890 eis
755 1826 873 1908 placet.
933 1826 1018 1902 Heu,
1045 1826 1120 1904 heu,
1146 1827 1291 1890 Domine
1314 1826 1416 1903 DeuS,
1440 1826 1517 1907 quia
1540 1825 1666 1890 creavit

307 1944 480 2009 ecclesiam
503 1946 780 2028 malignancium!

395 2074 428 2142 [p.
446 2074 516 2143 379]
562 2065 646 2149 Quis
665 2076 744 2130 tunc
766 2076 889 2131 annata
911 2066 1010 2130 solvit
1030 2065 1185 2129 Romano
1205 2065 1354 2148 pontifici
1375 2075 1555 2148 antequam
1577 2074 1667 2130 esset

307 2185 511 2269 episcopus?
569 2185 668 2251 Certe
692 2186 800 2249 nullus
815 2208 822 2264 ;
861 2187 920 2250 sed
946 2186 1118 2268 Johannes
1144 2186 1234 2268 xxij⁰
1262 2207 1349 2269 papa
1381 2187 1553 2250 Romanus
1579 2187 1663 2252 tales

307 2308 463 2389 pecunias
488 2308 558 2372 sedi
586 2308 750 2371 Romanae
778 2308 964 2389 procuravit
990 2328 1050 2389 pro
1077 2317 1163 2371 terra
1194 2308 1418 2390 promissionis
1450 2309 1617 2390 eripienda
1643 2331 1664 2373 a

308 2427 462 2492 manibus
492 2447 697 2511 paganorum
729 2437 762 2491 et
790 2428 973 2510 gentilium,
997 2437 1030 2491 et
1061 2438 1178 2509 postea
1207 2430 1356 2509 pecuniae
1390 2427 1454 2491 illae
1493 2441 1663 2495 remanent

305 2568 447 2615 camerae
477 2550 586 2631 Papae,
611 2558 646 2614 ut
677 2548 914 2612 distribuantur
944 2549 1028 2611 inter
1054 2546 1235 2611 cardinales
1262 2557 1296 2611 et
1324 2548 1541 2612 cubicularios
1563 2550 1667 2633 Papae

306 2680 342 2733 et
369 2667 439 2752 ejus
466 2670 642 2744 ministros,
671 2671 727 2752 qui
749 2668 829 2751 jam,
854 2679 892 2732 ut
917 2646 1090 2731 manifeste
1113 2669 1222 2731 evidet
1253 2688 1297 2731 ex
1324 2689 1437 2732 eorum
1463 2669 1566 2748 lactiS,
1589 2670 1668 2752 plus

307 2788 433 2855 faciunt
462 2811 523 2872 pro
553 2791 693 2873 pecunia
724 2790 910 2872 recipienda
939 2809 1040 2872 quam
1070 2787 1152 2851 fiant
1182 2789 1286 2852 sancti
1316 2798 1426 2871 patres
1459 2791 1600 2855 instituti
1630 2791 1664 2854 in

307 2909 456 2988 ecclesia,
483 2912 561 2993 quia
593 2911 767 2975 deficiente
794 2911 933 2992 pecunia
962 2909 1169 2992 denegantur
1199 2907 1298 2971 bullae
1323 2910 1459 2992 papales
1490 2932 1566 2993 quae
1593 2911 1666 2993 jam

307 3031 517 3113 requiruntur
542 3031 708 3114 episcopo,
734 3040 768 3093 et
797 3030 1006 3095 confirmacio
1036 3027 1217 3104 eleccionis
1245 3039 1278 3093 et
1308 3033 1415 3094 omnis
1445 3031 1566 3096 eleccio
1596 3031 1689 3225 s*

307 3151 441 3234 propria
469 3151 643 3216 voluntate
675 3151 801 3215 utinam
833 3170 899 3214 non
932 3151 1002 3214 sine
1034 3149 1164 3213 racione
1194 3159 1366 3215 cassatur:
1405 3162 1438 3215 et
1476 3152 1626 3241 polluerit
1662 3163 1666 3170 '

306 3269 472 3354 templum
499 3271 563 3335 Dei
594 3280 627 3336 et
658 3280 837 3353 posuerunt
867 3272 899 3333 in
931 3290 1048 3334 manus
1071 3291 1185 3333 eorum
1213 3292 1297 3353 quos
1323 3292 1424 3354 poma
1451 3293 1564 3336 eorum
1591 3282 1666 3339 tute

305 3391 473 3457 custodire
496 3412 562 3456 non
586 3391 749 3456 credunt!
1699 3422 1726 3467 ·.

396 3521 430 3588 [p.
449 3521 521 3585 381]
577 3510 802 3575 Consimiliter
841 3510 990 3575 Thomas
1027 3510 1178 3576 Arundel
1217 3512 1427 3578 Baccillarius
1453 3517 1591 3579 arcium
1629 3403 1717 3608 ep,

306 3631 587 3716 Arcbiepiscopus
615 3631 861 3697 Cantuariensis
893 3633 970 3697 lecit
1008 3652 1082 3695 cum
1120 3634 1187 3696 suis
1224 3635 1496 3699 constitucionem
1534 3637 1664 3718 provin·
1680 3611 1713 3659 '²²⁵

307 3752 434 3828 dalem,
466 3774 507 3817 ne
537 3753 656 3836 aliquis
686 3774 752 3816 non
782 3752 1005 3835 privilegiatus
1039 3753 1232 3834 praedicaret
1263 3755 1388 3837 populo
1422 3757 1491 3819 sine
1529 3756 1664 3821 licencia

307 3884 446 3956 optenta
477 3874 631 3957 episcopi,
661 3894 736 3957 quae
764 3873 833 3956 jam
865 3893 933 3937 non·
961 3873 1101 3937 habetur
1131 3876 1191 3938 nisi
1226 3896 1300 3938 curn
1332 3878 1461 3960 magnis
1494 3879 1663 3942 instanciis

307 3993 447 4058 aliorum
468 3994 522 4059 vel
546 4015 606 4078 pro
630 3996 785 4078 pecuniis,
808 4014 868 4058 nec
891 3995 1037 4076 episcopi
1061 3995 1163 4059 debiti
1186 3997 1369 4079 praedicant
1393 4019 1452 4062 nec
1475 3999 1517 4062 ad
1545 4000 1664 4082 praedi·

308 4115 451 4179 candum
482 4114 565 4179 alios
594 4114 755 4179 exhibent
785 4134 845 4179 nec
875 4116 1011 4180 mittant
1038 4115 1118 4198 (sic),
1150 4125 1184 4180 et
1214 4118 1277 4181 iste
1307 4118 1461 4184 Arundel
1491 4120 1557 4183 cito
1588 4130 1663 4203 post

308 4233 399 4299 illam
429 4237 703 4300 constitucionem
729 4235 851 4300 iactam
878 4237 921 4300 de
941 4235 1056 4301 Verbo
1080 4238 1144 4301 Dei
1168 4238 1338 4321 alligando
1361 4238 1421 4304 luit
1448 4242 1602 4304 obtrusus
1630 4242 1664 4304 in
