3818 4904
667 431 767 485 Loci
791 431 821 483 E
850 431 975 484 riano
1011 428 1268 484 Vanrrnrunr.
1603 411 1641 471 81

291 641 493 724 poenitend0,
524 664 600 707 vere
630 645 828 720 confitendo,
856 654 890 708 et
920 645 1035 708 debito
1066 644 1167 706 modo
1196 641 1384 706 satisfacere
1414 635 1643 707 desiderand0,

290 772 325 826 et
355 771 432 826 tunc
462 764 552 828 venit
582 765 625 827 ad
660 775 791 846 portam
822 765 968 839 serream,
999 786 1074 847 quae
1105 764 1196 827 ducit
1228 763 1270 826 ad
1302 762 1469 826 civitatem
1500 755 1645 821 coelestis

290 880 495 962 Jerusalem3
528 893 624 965 porta
652 885 763 959 serrea,
789 906 864 966 quae
891 885 981 948 ducit
1008 884 1094 960 illuc,
1120 894 1170 946 est
1199 883 1307 966 gravis
1333 890 1366 944 et
1394 900 1517 961 magna
1543 896 1645 957 poena

291 1004 554 1084 temptacionum
576 1013 608 1067 et
630 1005 893 1079 tribulacionum,
910 1026 986 1086 quae
1003 1004 1107 1086 surgit
1130 1004 1263 1085 quando
1281 1001 1382 1064 homo
1402 999 1526 1062 malum
1547 1016 1643 1060 suum

293 1122 456 1204 relinquit,
478 1133 511 1187 et
533 1134 620 1188 recte
645 1125 735 1206 loqui
756 1134 790 1188 et
813 1146 910 1207 agere
933 1125 1056 1206 incipit.
1103 1124 1170 1188 Sed
1192 1123 1308 1197 clama,
1333 1121 1364 1186 O
1387 1120 1574 1202 poenitens!
1602 1116 1644 1179 ad

293 1243 404 1306 Deum
436 1255 689 1326 perseveranter,
715 1256 750 1309 et
779 1246 900 1309 cotidie
927 1245 960 1308 in
987 1245 1112 1328 gemitu
1140 1244 1247 1308 cordis
1277 1253 1310 1306 et
1335 1244 1367 1305 in
1399 1240 1557 1304 memoria
1584 1235 1646 1299 Xti

293 1365 470 1446 sanguinis,
496 1375 530 1429 et
559 1375 638 1428 tunc
669 1364 764 1440 ultro,
797 1366 816 1427 i,
834 1387 862 1429 e·
892 1365 1063 1429 voluntate
1088 1364 1163 1439 Dei,
1194 1373 1309 1446 aperta
1338 1363 1398 1425 erit
1433 1360 1504 1423 haec
1540 1365 1645 1440 porta,

294 1484 314 1547 i.
331 1505 358 1547 e.
387 1485 517 1548 devicta
547 1485 607 1548 erit
642 1484 713 1549 haec
745 1487 976 1575 importunitas
1008 1485 1278 1568 temptacionum,
1309 1485 1387 1565 quia
1419 1491 1506 1554 tunc,
1537 1478 1647 1560 gracia

294 1616 503 1685 cooperante,
536 1625 601 1667 non
631 1605 762 1668 vincent
793 1606 836 1668 ad
868 1605 992 1667 malurn
1026 1626 1233 1682 concensum,
1267 1624 1374 1686 neque
1408 1603 1451 1665 ad
1484 1601 1647 1663 bonorum

295 1735 429 1788 actuum
457 1725 739 1806 impedimentum,
764 1726 823 1789 sed
849 1736 997 1807 pungent
1021 1724 1190 1789 hominem
1217 1725 1259 1788 ad
1285 1724 1398 1788 aetemi
1421 1721 1548 1804 praemii
1572 1740 1648 1783 cum

297 1844 372 1907 Deo
398 1854 624 1927 augmentum,
647 1855 681 1909 et
708 1854 787 1910 tunc
812 1856 888 1928 post
913 1848 1074 1928 gemitum
1102 1868 1162 1928 pro
1189 1846 1331 1928 peccatis
1357 1844 1446 1907 dicat
1471 1841 1647 1925 poenitens,

298 1965 415 2028 ‘Nunc
437 1967 507 2028 scio
528 1986 612 2041 vere,
639 1966 716 2047 quia
744 1967 832 2030 misit
860 1967 1024 2030 Dominus
1047 1967 1202 2049 angelum
1232 1985 1329 2029 suum
1360 1975 1393 2028 et
1417 1962 1568 2026 liberavit
1598 1981 1651 2022 me

297 2085 340 2148 de
364 2105 462 2147 manu
487 2085 631 2148 Herodis
655 2086 750 2150 etde
773 2107 829 2149 ore
853 2086 974 2161 leonis,'
996 2087 1054 2150 ie.
1073 2088 1117 2150 de
1138 2095 1305 2168 potestate
1328 2084 1450 2147 inimici
1471 2082 1535 2145 mei
1557 2081 1652 2161 spiri·

296 2204 405 2279 tualis,
428 2215 462 2268 et
484 2207 527 2268 de
550 2208 787 2288 expectacione
809 2206 915 2288 plebis
936 2207 1140 2289 Judaeomm,
1160 2209 1179 2270 i.
1192 2228 1221 2270 e.
1241 2207 1284 2270 de
1306 2207 1371 2269 illis
1394 2204 1489 2267 malis
1511 2202 1651 2275 aeterniS,

297 2327 332 2389 in
361 2347 435 2408 quae
466 2326 545 2388 mali
575 2327 708 2409 spiritus
737 2328 946 2391 crediderunt
976 2349 1030 2391 me
1060 2348 1233 2405 casurum3
1271 2328 1378 2391 omnis
1408 2345 1487 2407 ergo
1521 2323 1653 2404 spiritus

298 2445 413 2509 laudet
440 2446 552 2509 Deum
580 2447 613 2508 in
638 2448 790 2510 omnibus
815 2447 889 2511 suis
927 2448 1050 2511 Amen.
1105 2447 1312 2512 Interficiunt
1341 2445 1500 2510 vocaliter
1528 2453 1561 2507 et
1594 2461 1653 2525 per

299 2566 401 2629 verba
420 2567 548 2629 animas
571 2589 646 2649 quae
668 2588 734 2630 non
751 2570 940 2646 moriuntur,
957 2568 1142 2633 Ezechielis
1158 2569 1242 2651 xiij0,
1258 2569 1313 2650 qui
1335 2568 1530 2631 contristant
1547 2563 1654 2626 bonos

299 2686 386 2750 viros
410 2688 507 2750 minis
531 2698 565 2751 et
594 2690 711 2765 verbis,
739 2690 896 2777 dicentes,
921 2691 1012 2753 ‘Nisi
1039 2690 1181 2755 feceritis
1206 2713 1280 2774 quae
1308 2690 1525 2773 praecepimus
1550 2685 1654 2756 vobis,

300 2807 381 2871 salvi
406 2829 562 2871 essenon
586 2811 734 2891 potestis,
749 2820 783 2874 et
807 2812 919 2893 gravia
940 2810 1029 2876 mala
1054 2808 1277 2876 sustinebitis'
1323 2813 1391 2895 Ipsi
1416 2818 1578 2875 conantur
1600 2825 1656 2868 oc·

301 2926 411 2991 cidere
433 2929 561 2992 animas
582 2951 657 3011 quae
681 2951 747 2993 non
768 2933 958 3009 moriuntur,
974 2933 1028 3013 qui
1051 2933 1159 2996 verbis
1179 2935 1264 2998 veris
1288 2942 1320 2995 et
1344 2932 1441 2995 meris
1464 2928 1657 3003 melonibus,

301 3068 361 3131 per
387 3069 470 3130 quas
496 3050 597 3113 homo
629 3054 838 3115 reduceretur
867 3074 888 3115 a
916 3053 1005 3116 malo
1035 3054 1068 3116 in
1095 3055 1229 3133 bonurn,
1257 3065 1291 3118 et
1318 3077 1339 3118 a
1365 3054 1448 3117 salso
1474 3052 1507 3114 in
1533 3069 1656 3122 verum,

302 3168 432 3233 addunt
460 3170 561 3234 verba
592 3169 684 3248 salsa,
709 3183 743 3236 et
772 3173 964 3237 addiciones
994 3185 1201 3257 apparentes,
1229 3186 1263 3239 et
1293 3176 1463 3251 humanas,
1494 3183 1528 3238 et
1560 3192 1657 3253 argu-

304 3298 417 3352 menta
447 3289 566 3369 fucata,
597 3292 658 3355 ie.
685 3292 839 3372 colorata,
871 3316 945 3376 quae
976 3307 1140 3378 apparent
1169 3319 1254 3372 vera,
1281 3309 1313 3362 et
1350 3319 1410 3380 per
1438 3318 1513 3379 quae
1542 3313 1658 3358 verum

304 3421 462 3491 appareat
489 3411 617 3490 salsum,
643 3424 676 3477 et
705 3415 824 3478 falsum
855 3429 1014 3500 appareat
1039 3440 1153 3481 vemm
1180 3441 1259 3497 esse,
1286 3430 1320 3483 et
1346 3421 1471 3483 bonum
1501 3426 1660 3501 appareat

304 3529 433 3607 salsum,
450 3541 483 3594 et
506 3553 525 3595 e
548 3537 732 3599 contrario:
757 3558 817 3618 pro
838 3538 959 3602 talibus
981 3540 1060 3604 dicit
1081 3541 1260 3623 apostolus,
1276 3542 1404 3605 ‘Nemo
1422 3562 1481 3604 vos
1503 3535 1660 3611 seducat,'

305 3650 325 3714 i.
342 3673 371 3713 e.
402 3649 521 3714 salsum
552 3674 612 3735 pro
644 3677 722 3719 vero
752 3668 926 3739 acceptare
957 3660 1065 3739 iaciat,
1093 3672 1126 3726 et
1156 3664 1199 3727 de
1229 3663 1352 3728 talibus
1384 3663 1464 3727 dicit
1495 3663 1660 3725 Dominus

305 3771 418 3835 Ysaiae
436 3774 552 3855 primo,
569 3775 710 3840 ‘Vinum
726 3788 820 3842 tuum
841 3781 985 3844 mixtum
1008 3792 1059 3845 est
1081 3781 1188 3866 aqua,’
1210 3786 1268 3848 i.e.
1285 3785 1405 3848 veritas
1427 3784 1487 3848 tibi
1509 3785 1542 3846 in
1560 3785 1661 3848 verbo

307 3891 372 3954 Dei
398 3894 531 3973 tradita,
554 3897 661 3960 mixta
685 3909 735 3963 est
762 3909 856 3981 parte
882 3902 990 3965 verbis
1016 3903 1138 3968 talibus
1168 3926 1244 3987 quae
1270 3916 1455 3988 repugnant
1481 3907 1661 3971 intellectui

308 4023 343 4077 et
363 4013 490 4095 judicio
515 4016 635 4093 divino,
663 4029 696 4083 et
725 4021 902 4085 intencioni
929 4032 963 4086 et
986 4024 1166 4089 intellectui
1189 4036 1377 4090 sanctorum
1400 4028 1583 4107 doctorum,
1606 4030 1662 4111 qui

307 4134 464 4199 veritates
489 4137 644 4204 radicitus
670 4142 967 4222 consideraverunt,
991 4155 1025 4207 et
1051 4147 1093 4209 ad
1125 4147 1220 4229 plura
1250 4148 1461 4229 respicientes
1489 4151 1663 4214 veritatem

973 4280 999 4327 ll
