3818 4904
675 440 773 497 LOCI
800 441 829 496 E
857 440 982 497 LIBRO
1016 441 1275 498 VERITATUM.
1594 451 1655 520 203

303 667 418 714 omnes
440 652 619 718 elecciones
641 656 851 737 dignitatum,
874 666 908 720 et
935 667 1102 720 reservant
1124 657 1185 719 sibi
1220 657 1299 739 ipsis
1329 657 1510 721 elecciones
1537 677 1654 722 omnes

302 771 524 853 dignitatum:
558 785 592 840 et
618 775 688 857 jam
720 786 771 840 est
801 798 878 841 usus
908 778 941 839 in
971 775 1097 858 Anglia
1126 777 1215 860 quod
1250 776 1401 841 homines
1431 778 1605 861 acquirunt
1634 798 1656 843 a

302 913 379 974 rege
400 894 580 976 licenciam,
596 907 633 961 ut
653 899 715 980 ipsi
738 908 872 980 possent
892 900 1042 980 accipere
1063 910 1096 963 et
1119 910 1291 981 acceptare
1313 899 1533 982 provisionem
1556 919 1655 982 papae

301 1012 345 1075 ad
376 1014 478 1079 talem
514 1018 750 1100 episcopatum,
780 1019 833 1082 vel
863 1019 906 1082 ad
936 1019 1039 1083 talem
1071 1020 1269 1084 decanatum
1302 1019 1488 1103 eligibilem,
1520 1029 1554 1084 et
1584 1019 1656 1101 ipsa

302 1131 438 1199 licencia
467 1157 487 1199 a
517 1158 594 1220 rege
622 1149 761 1220 optenta
791 1159 879 1221 papa
912 1149 1020 1203 cassat
1052 1139 1251 1205 eleccionem
1281 1140 1405 1205 iactam
1435 1139 1592 1205 canonice
1622 1138 1656 1203 iu

302 1254 440 1319 ecclesia
462 1256 629 1340 Anglica3
653 1271 685 1323 et
709 1261 755 1324 sic
782 1261 944 1324 Ricardus
970 1261 1127 1336 Andrew‚
1152 1262 1296 1326 decanus
1319 1271 1502 1344 praetensus
1528 1261 1656 1324 Ebora·

302 1378 416 1454 censis,
436 1380 493 1460 qui
517 1378 632 1444 habuit
658 1380 828 1445 licenciam
850 1402 871 1444 a
895 1402 972 1463 rege
995 1380 1138 1463 Angliae,
1160 1382 1308 1445 Henrico
1332 1380 1449 1461 Sexto,
1471 1381 1515 1445 ad
1538 1400 1655 1463 accep·

302 1498 440 1563 tandam
456 1502 676 1582 provisionem
692 1523 789 1585 papae
805 1503 958 1567 Nicholai
974 1504 1080 1586 quinti
1098 1504 1278 1568 decanatus
1293 1503 1440 1568 ecclesiae
1458 1501 1658 1567 cathedralis

303 1616 531 1700 Eboracensis,
552 1621 630 1687 fecit
650 1622 850 1688 eleccionem
867 1621 1025 1687 Willelmi
1048 1623 1283 1707 Bemyngham
1303 1626 1336 1688 in
1356 1623 1436 1687 illud
1457 1623 1656 1687 decanatum

302 1743 423 1804 cassari
446 1752 479 1805 et
502 1742 683 1822 adnullari;
711 1754 745 1808 et
769 1744 846 1825 quia
871 1744 1010 1809 ministri
1034 1744 1120 1808 illius
1147 1744 1285 1809 ecclesia
1308 1742 1526 1808 Eboracensis
1549 1742 1657 1825 primo

303 1859 479 1925 noluerunt
508 1863 685 1928 admittere
717 1865 825 1946 ipsum
861 1862 1041 1929 Ricardum
1071 1866 1237 1947 provisum
1275 1866 1308 1928 in
1342 1865 1550 1942 decanatum,
1581 1863 1656 1927 ideo

299 1979 378 2046 lecit
403 2004 459 2047 eos
485 2003 544 2065 per
570 1984 663 2048 illum
689 2005 812 2067 papam
838 1987 1117 2051 excommunicari
1142 1998 1176 2051 et
1207 1986 1380 2051 ecclesiam
1407 1985 1500 2049 illam
1527 1985 1656 2049 Ebora·

301 2122 433 2167 censem
449 2124 469 2166 a
484 2104 603 2168 divinis
618 2105 732 2169 officiis
748 2126 807 2188 per
819 2154 826 2168 .
838 2155 845 2169 .
857 2155 864 2169 .
876 2155 882 2169 .
895 2107 1099 2188 septimanas
1116 2107 1282 2188 suspendi.
1326 2106 1409 2171 Vael
1432 2102 1502 2170 vae!
1525 2106 1594 2169 vae!
1622 2113 1657 2169 et

302 2226 436 2307 quando
460 2227 599 2291 abbates
620 2226 673 2290 vel
695 2227 750 2290 alii
774 2237 851 2292 sunt
873 2248 933 2310 per
957 2226 1128 2291 licenciam
1150 2248 1246 2310 papae
1270 2228 1429 2309 exempti,
1451 2237 1485 2291 et
1505 2225 1658 2309 jurisdic-

301 2343 383 2407 tioni
412 2342 483 2425 ejus
510 2344 650 2427 subjecti
677 2346 794 2422 solum,
822 2367 881 2411 nec
907 2347 1084 2411 visitantur
1107 2368 1166 2429 per
1192 2367 1314 2428 papam
1339 2366 1399 2410 nec
1426 2367 1485 2429 per
1511 2346 1656 2428 aliquem

302 2467 403 2529 alium
420 2467 620 2549 episcopum,
637 2477 670 2531 et
686 2469 732 2531 sic
751 2468 836 2548 perit
857 2467 981 2531 bonum
1003 2468 1148 2549 regimen
1170 2469 1372 2531 animarum!
1404 2466 1524 2530 Nullus
1546 2475 1658 2548 potest

301 2587 469 2669 appellare
484 2588 527 2652 ad
543 2608 666 2669 papam
683 2599 716 2652 et
732 2589 777 2651 ire
793 2589 836 2652 ad
856 2608 978 2672 papam
998 2599 1094 2653 extra
1113 2608 1260 2670 regnum,
1278 2588 1339 2651 nisi
1360 2587 1449 2670 prius
1472 2586 1657 2669 praehabita

302 2709 437 2772 licencia
454 2709 549 2790 regis.

389 2839 428 2906 [p.
446 2840 515 2906 590]
560 2839 715 2905 Regnum
741 2838 883 2906 Anglioe.
928 2831 1032 2894 Anno
1063 2830 1199 2893 Domini
1230 2842 1321 2911 1455,
1352 2840 1385 2893 et
1414 2839 1500 2906 ante,
1527 2828 1658 2893 fuerunt

303 2971 432 3033 magnae
463 2952 732 3033 perturbaciones
759 2953 792 3014 in
816 2951 951 3033 Anglia,
970 2952 1103 3015 vivente
1129 2970 1207 3032 rege
1231 2949 1376 3013 Henrico
1398 2950 1465 3026 vi⁰;
1495 2958 1530 3013 et
1552 2950 1656 3013 eciam

303 3072 495 3136 bellandum
523 3072 585 3135 luit
615 3073 734 3136 eodem
764 3092 861 3148 anno,
888 3071 977 3153 apud
1010 3070 1171 3135 Sanctum
1198 3068 1369 3133 Albanum
1400 3069 1433 3131 in
1462 3068 1596 3154 Anglia,
1624 3069 1658 3132 in

302 3193 480 3275 praesencia
502 3193 597 3275 regis,
624 3213 683 3275 per
708 3194 828 3257 ducem
853 3192 1000 3256 Eborum
1027 3191 1207 3255 Ricardum
1231 3200 1266 3254 et
1288 3211 1375 3268 suos,
1395 3189 1461 3271 qui,
1484 3190 1590 3255 coacti
1612 3190 1656 3253 ad

300 3313 502 3392 bellandum,
518 3313 708 3378 occidemnt
723 3314 887 3377 diversos:
911 3312 1003 3395 cujus
1023 3311 1102 3376 belli
1124 3331 1223 3376 causa
1239 3309 1312 3375 haec
1331 3310 1403 3386 suit,
1419 3311 1497 3393 quia
1517 3311 1656 3393 praedic·

302 3447 356 3500 tus
375 3436 446 3499 dux
466 3436 596 3518 scripsit
619 3437 686 3518 regi
710 3434 855 3500 Henrico
878 3435 994 3512 Sexto,
1017 3455 1076 3518 per
1098 3434 1269 3498 doctorem
1290 3431 1418 3496 Wullet
1439 3431 1541 3515 ipsius
1561 3431 1656 3495 ducis

301 3558 532 3637 consessorem,
563 3567 600 3622 ut
629 3558 700 3640 ipse
731 3578 799 3632 rear,
831 3559 978 3621 existens
1014 3567 1094 3620 tunc
1132 3557 1165 3618 in
1202 3555 1334 3619 civitate
1368 3553 1483 3618 Sancti
1518 3551 1655 3629 Albani,

301 3680 493 3763 dignaretur
518 3679 703 3744 deliberare
730 3677 947 3742 Edmundum
979 3680 1097 3742 ducem
1128 3675 1340 3741 Somersetiae
1369 3675 1403 3738 in
1430 3694 1548 3738 manus
1574 3675 1657 3739 duo·

302 3822 375 3866 rum
406 3801 558 3877 militum,
590 3822 629 3866 ea
660 3801 857 3875 intencione,
888 3808 933 3878 ut,
964 3801 1036 3863 sine
1064 3797 1178 3880 aliqua
1207 3815 1327 3880 pugna,
1359 3796 1448 3859 idem
1479 3796 1552 3859 dux
1587 3794 1657 3860 Ed-

303 3923 446 3985 mundus
476 3923 650 3986 duceretur
679 3923 712 3985 in
742 3922 858 3985 turrim
889 3920 1139 3984 Londoniarum
1170 3919 1203 3980 in
1233 3916 1419 3981 custodiam
1449 3915 1546 3994 licite,
1572 3915 1658 3980 sicut

302 4054 380 4107 ante
409 4042 491 4106 illud
515 4053 648 4126 tempus
677 4043 739 4106 fuit
763 4041 965 4106 deliberatus
988 4041 1032 4104 ab
1058 4039 1116 4103 illa
1146 4038 1225 4103 turri
1256 4058 1316 4120 per
1343 4057 1455 4120 regem
1480 4036 1593 4101 illicite
1622 4044 1657 4102 et

302 4173 418 4229 contra
448 4163 621 4228 concilium
649 4164 762 4246 regni;
797 4173 831 4226 et
855 4163 926 4226 haec
956 4161 1078 4244 peticio
1108 4161 1201 4225 ducis
1228 4160 1376 4224 Eborum
1400 4158 1560 4223 exaudita
1588 4177 1656 4222 non

302 4285 384 4363 luit3
408 4285 497 4367 quod
520 4286 666 4364 audiens,
689 4286 760 4349 dux
785 4285 932 4349 Eborum
957 4304 1132 4366 aggressus
1158 4292 1237 4346 tunc
1262 4280 1324 4345 luit
1345 4279 1470 4345 bellum
1492 4300 1568 4347 cum
1590 4279 1658 4344 suis

934 4391 1029 4452 uda
