<?xml version="1.0" encoding="UTF-8"?>
<!DOCTYPE html PUBLIC "-//W3C//DTD XHTML 1.0 Transitional//EN"
    "http://www.w3.org/TR/xhtml1/DTD/xhtml1-transitional.dtd">
<html xmlns="http://www.w3.org/1999/xhtml" xml:lang="en" lang="en">
 <head>
  <title>
</title>
<meta http-equiv="Content-Type" content="text/html;charset=utf-8" />
  <meta name='ocr-system' content='tesseract 3.04.00' />
  <meta name='ocr-capabilities' content='ocr_page ocr_carea ocr_par ocr_line ocrx_word'/>
</head>
<body>
  <div class='ocr_page' id='page_1' title='image "./locielibroverit00gascgoog/locielibroverit00gascgoog_0238.png"; bbox 0 0 3818 4904; ppageno 0'>
   <div class='ocr_carea' id='block_1_1' title="bbox 676 426 1653 497">
    <p class='ocr_par' dir='ltr' id='par_1_1' title="bbox 676 426 1653 497">
     <span class='ocr_line' id='line_1_1' title="bbox 676 426 1653 497; baseline 0.011 -18"><span class='ocrx_word' id='word_1_1' title='bbox 676 426 775 480; x_wconf 82' lang='lat' dir='ltr'><em>LOCI</em></span> <span class='ocrx_word' id='word_1_2' title='bbox 800 427 829 479; x_wconf 85' lang='lat' dir='ltr'><em>E</em></span> <span class='ocrx_word' id='word_1_3' title='bbox 858 427 981 480; x_wconf 83' lang='lat' dir='ltr'><em>LIBRO</em></span> <span class='ocrx_word' id='word_1_4' title='bbox 1017 429 1276 484; x_wconf 73' lang='lat' dir='ltr'><em>VERJTATUM.</em></span> <span class='ocrx_word' id='word_1_5' title='bbox 1594 427 1653 497; x_wconf 82' lang='lat'>¹37</span> 
     </span>
    </p>
   </div>
   <div class='ocr_carea' id='block_1_2' title="bbox 288 637 1655 2771">
    <p class='ocr_par' dir='ltr' id='par_1_2' title="bbox 288 637 1655 2390">
     <span class='ocr_line' id='line_1_2' title="bbox 302 637 1653 724; baseline -0.004 -20"><span class='ocrx_word' id='word_1_6' title='bbox 302 643 358 724; x_wconf 94' lang='lat' dir='ltr'>qui</span> <span class='ocrx_word' id='word_1_7' title='bbox 389 642 510 706; x_wconf 87' lang='lat' dir='ltr'>mortui</span> <span class='ocrx_word' id='word_1_8' title='bbox 540 642 672 705; x_wconf 90' lang='lat' dir='ltr'>fuerunt</span> <span class='ocrx_word' id='word_1_9' title='bbox 703 662 746 704; x_wconf 89' lang='lat' dir='ltr'>ex</span> <span class='ocrx_word' id='word_1_10' title='bbox 777 641 1016 724; x_wconf 81' lang='lat' dir='ltr'><strong>putrefactione</strong></span> <span class='ocrx_word' id='word_1_11' title='bbox 1047 645 1270 708; x_wconf 90' lang='lat' dir='ltr'>membrorum</span> <span class='ocrx_word' id='word_1_12' title='bbox 1294 664 1427 708; x_wconf 91' lang='lat' dir='ltr'>suorum</span> <span class='ocrx_word' id='word_1_13' title='bbox 1457 637 1653 724; x_wconf 84' lang='lat' dir='ltr'>genitalium</span> 
     </span>
     <span class='ocr_line' id='line_1_3' title="bbox 288 763 1655 848; baseline -0.006 -21"><span class='ocrx_word' id='word_1_14' title='bbox 288 773 337 840; x_wconf 83' lang='lat' dir='ltr'>¹et</span> <span class='ocrx_word' id='word_1_15' title='bbox 358 763 502 844; x_wconf 90' lang='lat' dir='ltr'>corporis</span> <span class='ocrx_word' id='word_1_16' title='bbox 524 763 583 838; x_wconf 91' lang='lat' dir='ltr'>sui,</span> <span class='ocrx_word' id='word_1_17' title='bbox 605 783 680 844; x_wconf 86' lang='lat' dir='ltr'>quae</span> <span class='ocrx_word' id='word_1_18' title='bbox 707 763 872 845; x_wconf 87' lang='lat' dir='ltr'>corruptio</span> <span class='ocrx_word' id='word_1_19' title='bbox 894 773 928 826; x_wconf 91' lang='lat' dir='ltr'>et</span> <span class='ocrx_word' id='word_1_20' title='bbox 954 765 1160 846; x_wconf 88' lang='lat' dir='ltr'>putrefacti0,</span> <span class='ocrx_word' id='word_1_21' title='bbox 1183 775 1220 828; x_wconf 91' lang='lat' dir='ltr'>ut</span> <span class='ocrx_word' id='word_1_22' title='bbox 1243 766 1304 848; x_wconf 90' lang='lat' dir='ltr'>ipsi</span> <span class='ocrx_word' id='word_1_23' title='bbox 1328 766 1495 836; x_wconf 91' lang='lat' dir='ltr'>dixerunt,</span> <span class='ocrx_word' id='word_1_24' title='bbox 1519 765 1655 824; x_wconf 86' lang='lat' dir='ltr'>causata</span> 
     </span>
     <span class='ocr_line' id='line_1_4' title="bbox 300 880 1653 965; baseline -0.003 -21"><span class='ocrx_word' id='word_1_25' title='bbox 300 882 362 946; x_wconf 91' lang='lat' dir='ltr'>fuit</span> <span class='ocrx_word' id='word_1_26' title='bbox 392 904 451 965; x_wconf 91' lang='lat' dir='ltr'>per</span> <span class='ocrx_word' id='word_1_27' title='bbox 480 882 663 945; x_wconf 89' lang='lat' dir='ltr'>exercitum</span> <span class='ocrx_word' id='word_1_28' title='bbox 694 882 821 964; x_wconf 78' lang='lat' dir='ltr'>copulae</span> <span class='ocrx_word' id='word_1_29' title='bbox 855 885 993 947; x_wconf 87' lang='lat' dir='ltr'>carnalis</span> <span class='ocrx_word' id='word_1_30' title='bbox 1024 905 1099 948; x_wconf 94' lang='lat' dir='ltr'>cum</span> <span class='ocrx_word' id='word_1_31' title='bbox 1131 886 1331 949; x_wconf 91' lang='lat' dir='ltr'>mulieribus.</span> <span class='ocrx_word' id='word_1_32' title='bbox 1378 885 1522 965; x_wconf 86' lang='lat' dir='ltr'>Magnus</span> <span class='ocrx_word' id='word_1_33' title='bbox 1553 880 1653 942; x_wconf 89' lang='lat' dir='ltr'>etiam</span> 
     </span>
     <span class='ocr_line' id='line_1_5' title="bbox 301 999 1654 1085; baseline -0.003 -20"><span class='ocrx_word' id='word_1_34' title='bbox 301 1003 373 1065; x_wconf 92' lang='lat' dir='ltr'>dux</span> <span class='ocrx_word' id='word_1_35' title='bbox 401 1004 433 1065; x_wconf 96' lang='lat' dir='ltr'>in</span> <span class='ocrx_word' id='word_1_36' title='bbox 460 1001 593 1085; x_wconf 85' lang='lat' dir='ltr'>Anglia,</span> <span class='ocrx_word' id='word_1_37' title='bbox 623 1002 747 1066; x_wconf 90' lang='lat' dir='ltr'>scilicet</span> <span class='ocrx_word' id='word_1_38' title='bbox 777 1003 807 1083; x_wconf 93' lang='lat' dir='ltr'>J.</span> <span class='ocrx_word' id='word_1_39' title='bbox 835 1004 878 1066; x_wconf 88' lang='lat' dir='ltr'>de</span> <span class='ocrx_word' id='word_1_40' title='bbox 906 999 1034 1080; x_wconf 66' lang='lat' dir='ltr'>Gawnt,</span> <span class='ocrx_word' id='word_1_41' title='bbox 1067 1016 1215 1069; x_wconf 91' lang='lat' dir='ltr'>mortuus</span> <span class='ocrx_word' id='word_1_42' title='bbox 1246 1016 1297 1070; x_wconf 89' lang='lat' dir='ltr'>est</span> <span class='ocrx_word' id='word_1_43' title='bbox 1327 1027 1370 1068; x_wconf 92' lang='lat' dir='ltr'>ex</span> <span class='ocrx_word' id='word_1_44' title='bbox 1400 1004 1458 1068; x_wconf 90' lang='lat' dir='ltr'>tali</span> <span class='ocrx_word' id='word_1_45' title='bbox 1489 999 1654 1084; x_wconf 89' lang='lat' dir='ltr'>putrefac-</span> 
     </span>
     <span class='ocr_line' id='line_1_6' title="bbox 301 1119 1655 1208; baseline -0.003 -22"><span class='ocrx_word' id='word_1_46' title='bbox 301 1125 392 1187; x_wconf 85' lang='lat' dir='ltr'>tione</span> <span class='ocrx_word' id='word_1_47' title='bbox 413 1123 636 1186; x_wconf 93' lang='lat' dir='ltr'>membrorum</span> <span class='ocrx_word' id='word_1_48' title='bbox 659 1122 853 1204; x_wconf 86' lang='lat' dir='ltr'>genitalium</span> <span class='ocrx_word' id='word_1_49' title='bbox 878 1135 911 1186; x_wconf 89' lang='lat' dir='ltr'>et</span> <span class='ocrx_word' id='word_1_50' title='bbox 935 1125 1079 1206; x_wconf 92' lang='lat' dir='ltr'>corporis</span> <span class='ocrx_word' id='word_1_51' title='bbox 1102 1126 1160 1201; x_wconf 90' lang='lat' dir='ltr'>sui,</span> <span class='ocrx_word' id='word_1_52' title='bbox 1177 1137 1311 1190; x_wconf 90' lang='lat' dir='ltr'>causata</span> <span class='ocrx_word' id='word_1_53' title='bbox 1335 1147 1394 1208; x_wconf 90' lang='lat' dir='ltr'>per</span> <span class='ocrx_word' id='word_1_54' title='bbox 1417 1119 1655 1205; x_wconf 89' lang='lat' dir='ltr'>frequentatio·</span> 
     </span>
     <span class='ocr_line' id='line_1_7' title="bbox 302 1239 1654 1326; baseline -0.004 -20"><span class='ocrx_word' id='word_1_55' title='bbox 302 1264 378 1306; x_wconf 93' lang='lat' dir='ltr'>nem</span> <span class='ocrx_word' id='word_1_56' title='bbox 402 1243 586 1306; x_wconf 85' lang='lat' dir='ltr'>mulierum.</span> <span class='ocrx_word' id='word_1_57' title='bbox 633 1242 777 1325; x_wconf 88' lang='lat' dir='ltr'>Magnus</span> <span class='ocrx_word' id='word_1_58' title='bbox 801 1245 888 1307; x_wconf 92' lang='lat' dir='ltr'>enim</span> <span class='ocrx_word' id='word_1_59' title='bbox 911 1244 1089 1309; x_wconf 82' lang='lat' dir='ltr'>fornicator</span> <span class='ocrx_word' id='word_1_60' title='bbox 1110 1245 1180 1321; x_wconf 87' lang='lat' dir='ltr'>fuit,</span> <span class='ocrx_word' id='word_1_61' title='bbox 1198 1258 1234 1310; x_wconf 91' lang='lat' dir='ltr'>ut</span> <span class='ocrx_word' id='word_1_62' title='bbox 1256 1247 1288 1309; x_wconf 94' lang='lat' dir='ltr'>in</span> <span class='ocrx_word' id='word_1_63' title='bbox 1309 1256 1381 1309; x_wconf 93' lang='lat' dir='ltr'>toto</span> <span class='ocrx_word' id='word_1_64' title='bbox 1403 1264 1503 1326; x_wconf 85' lang='lat' dir='ltr'>regno</span> <span class='ocrx_word' id='word_1_65' title='bbox 1518 1239 1654 1323; x_wconf 86' lang='lat' dir='ltr'>Angliae</span> 
     </span>
     <span class='ocr_line' id='line_1_8' title="bbox 301 1360 1653 1446; baseline -0.004 -20"><span class='ocrx_word' id='word_1_66' title='bbox 301 1363 540 1446; x_wconf 86' lang='lat' dir='ltr'>divulgabatur,</span> <span class='ocrx_word' id='word_1_67' title='bbox 556 1373 589 1425; x_wconf 89' lang='lat' dir='ltr'>et</span> <span class='ocrx_word' id='word_1_68' title='bbox 608 1371 685 1424; x_wconf 90' lang='lat' dir='ltr'>ante</span> <span class='ocrx_word' id='word_1_69' title='bbox 704 1373 844 1426; x_wconf 92' lang='lat' dir='ltr'>mortem</span> <span class='ocrx_word' id='word_1_70' title='bbox 865 1385 967 1442; x_wconf 93' lang='lat' dir='ltr'>suam,</span> <span class='ocrx_word' id='word_1_71' title='bbox 981 1364 1096 1445; x_wconf 85' lang='lat' dir='ltr'>jacens</span> <span class='ocrx_word' id='word_1_72' title='bbox 1115 1367 1161 1429; x_wconf 93' lang='lat' dir='ltr'>sic</span> <span class='ocrx_word' id='word_1_73' title='bbox 1180 1366 1328 1428; x_wconf 86' lang='lat' dir='ltr'>infirmus</span> <span class='ocrx_word' id='word_1_74' title='bbox 1348 1367 1380 1428; x_wconf 95' lang='lat' dir='ltr'>in</span> <span class='ocrx_word' id='word_1_75' title='bbox 1399 1365 1496 1438; x_wconf 90' lang='lat' dir='ltr'>lecto,</span> <span class='ocrx_word' id='word_1_76' title='bbox 1512 1360 1653 1424; x_wconf 90' lang='lat' dir='ltr'>eandem</span> 
     </span>
     <span class='ocr_line' id='line_1_9' title="bbox 300 1480 1653 1566; baseline -0.004 -20"><span class='ocrx_word' id='word_1_77' title='bbox 300 1482 575 1566; x_wconf 82' lang='lat' dir='ltr'>putrefactionem</span> <span class='ocrx_word' id='word_1_78' title='bbox 603 1482 670 1564; x_wconf 88' lang='lat' dir='ltr'>regi</span> <span class='ocrx_word' id='word_1_79' title='bbox 694 1480 829 1565; x_wconf 85' lang='lat' dir='ltr'>Angliae</span> <span class='ocrx_word' id='word_1_80' title='bbox 849 1484 993 1548; x_wconf 89' lang='lat' dir='ltr'>Ricardo</span> <span class='ocrx_word' id='word_1_81' title='bbox 1014 1485 1051 1566; x_wconf 87' lang='lat' dir='ltr'>ij⁰</span> <span class='ocrx_word' id='word_1_82' title='bbox 1077 1486 1232 1561; x_wconf 89' lang='lat' dir='ltr'>ostendit,</span> <span class='ocrx_word' id='word_1_83' title='bbox 1254 1485 1439 1550; x_wconf 92' lang='lat' dir='ltr'>cumidem</span> <span class='ocrx_word' id='word_1_84' title='bbox 1462 1503 1522 1546; x_wconf 91' lang='lat' dir='ltr'>rex</span> <span class='ocrx_word' id='word_1_85' title='bbox 1546 1481 1653 1561; x_wconf 92' lang='lat' dir='ltr'>ipsum</span> 
     </span>
     <span class='ocr_line' id='line_1_10' title="bbox 300 1602 1654 1688; baseline -0.005 -21"><span class='ocrx_word' id='word_1_86' title='bbox 300 1605 420 1668; x_wconf 92' lang='lat' dir='ltr'>ducem</span> <span class='ocrx_word' id='word_1_87' title='bbox 444 1605 476 1666; x_wconf 93' lang='lat' dir='ltr'>in</span> <span class='ocrx_word' id='word_1_88' title='bbox 498 1624 556 1665; x_wconf 90' lang='lat' dir='ltr'>sua</span> <span class='ocrx_word' id='word_1_89' title='bbox 581 1602 773 1667; x_wconf 88' lang='lat' dir='ltr'>infirmitate</span> <span class='ocrx_word' id='word_1_90' title='bbox 794 1604 958 1682; x_wconf 83' lang='lat' dir='ltr'>visitavit3</span> <span class='ocrx_word' id='word_1_91' title='bbox 986 1615 1019 1668; x_wconf 92' lang='lat' dir='ltr'>et</span> <span class='ocrx_word' id='word_1_92' title='bbox 1039 1605 1126 1669; x_wconf 90' lang='lat' dir='ltr'>dixit</span> <span class='ocrx_word' id='word_1_93' title='bbox 1150 1606 1260 1682; x_wconf 91' lang='lat' dir='ltr'>michi,</span> <span class='ocrx_word' id='word_1_94' title='bbox 1282 1606 1339 1688; x_wconf 88' lang='lat' dir='ltr'>qui</span> <span class='ocrx_word' id='word_1_95' title='bbox 1361 1606 1424 1668; x_wconf 90' lang='lat' dir='ltr'>ista</span> <span class='ocrx_word' id='word_1_96' title='bbox 1447 1602 1547 1679; x_wconf 93' lang='lat' dir='ltr'>novit,</span> <span class='ocrx_word' id='word_1_97' title='bbox 1570 1619 1654 1661; x_wconf 90' lang='lat' dir='ltr'>unus</span> 
     </span>
     <span class='ocr_line' id='line_1_11' title="bbox 300 1716 1654 1807; baseline -0.004 -21"><span class='ocrx_word' id='word_1_98' title='bbox 300 1723 408 1787; x_wconf 88' lang='lat' dir='ltr'>fidelis</span> <span class='ocrx_word' id='word_1_99' title='bbox 438 1723 615 1804; x_wconf 78' lang='lat' dir='ltr'>theologiae</span> <span class='ocrx_word' id='word_1_100' title='bbox 647 1723 865 1788; x_wconf 90' lang='lat' dir='ltr'>bachillarius.</span> <span class='ocrx_word' id='word_1_101' title='bbox 918 1724 1106 1788; x_wconf 91' lang='lat' dir='ltr'>Willelmus</span> <span class='ocrx_word' id='word_1_102' title='bbox 1144 1727 1232 1788; x_wconf 89' lang='lat' dir='ltr'>enim</span> <span class='ocrx_word' id='word_1_103' title='bbox 1270 1727 1394 1807; x_wconf 90' lang='lat' dir='ltr'>Longe,</span> <span class='ocrx_word' id='word_1_104' title='bbox 1430 1724 1478 1785; x_wconf 90' lang='lat' dir='ltr'>vir</span> <span class='ocrx_word' id='word_1_105' title='bbox 1516 1716 1654 1784; x_wconf 83' lang='lat' dir='ltr'>maturae</span> 
     </span>
     <span class='ocr_line' id='line_1_12' title="bbox 299 1843 1654 1927; baseline -0.004 -20"><span class='ocrx_word' id='word_1_106' title='bbox 299 1845 409 1907; x_wconf 87' lang='lat' dir='ltr'>aetatis</span> <span class='ocrx_word' id='word_1_107' title='bbox 432 1853 465 1907; x_wconf 92' lang='lat' dir='ltr'>et</span> <span class='ocrx_word' id='word_1_108' title='bbox 488 1844 644 1918; x_wconf 70' lang='lat' dir='ltr'>decentis</span> <span class='ocrx_word' id='word_1_109' title='bbox 672 1844 856 1908; x_wconf 92' lang='lat' dir='ltr'>Londoniis</span> <span class='ocrx_word' id='word_1_110' title='bbox 879 1856 1027 1908; x_wconf 89' lang='lat' dir='ltr'>mortuus</span> <span class='ocrx_word' id='word_1_111' title='bbox 1051 1856 1101 1910; x_wconf 91' lang='lat' dir='ltr'>est</span> <span class='ocrx_word' id='word_1_112' title='bbox 1132 1868 1175 1909; x_wconf 91' lang='lat' dir='ltr'>ex</span> <span class='ocrx_word' id='word_1_113' title='bbox 1202 1846 1260 1909; x_wconf 90' lang='lat' dir='ltr'>tali</span> <span class='ocrx_word' id='word_1_114' title='bbox 1288 1843 1525 1927; x_wconf 79' lang='lat' dir='ltr'>putrefactione</span> <span class='ocrx_word' id='word_1_115' title='bbox 1550 1860 1654 1902; x_wconf 92' lang='lat' dir='ltr'>mem·</span> 
     </span>
     <span class='ocr_line' id='line_1_13' title="bbox 300 1962 1654 2048; baseline -0.005 -20"><span class='ocrx_word' id='word_1_116' title='bbox 300 1966 433 2028; x_wconf 91' lang='lat' dir='ltr'>brorum</span> <span class='ocrx_word' id='word_1_117' title='bbox 460 1984 593 2027; x_wconf 91' lang='lat' dir='ltr'>suorum</span> <span class='ocrx_word' id='word_1_118' title='bbox 616 1964 811 2045; x_wconf 87' lang='lat' dir='ltr'>genitalium</span> <span class='ocrx_word' id='word_1_119' title='bbox 839 1975 872 2028; x_wconf 91' lang='lat' dir='ltr'>et</span> <span class='ocrx_word' id='word_1_120' title='bbox 899 1965 1042 2048; x_wconf 91' lang='lat' dir='ltr'>corporis</span> <span class='ocrx_word' id='word_1_121' title='bbox 1073 1966 1132 2041; x_wconf 90' lang='lat' dir='ltr'>sui,</span> <span class='ocrx_word' id='word_1_122' title='bbox 1157 1976 1292 2030; x_wconf 88' lang='lat' dir='ltr'>causata</span> <span class='ocrx_word' id='word_1_123' title='bbox 1318 1985 1377 2048; x_wconf 92' lang='lat' dir='ltr'>per</span> <span class='ocrx_word' id='word_1_124' title='bbox 1403 1962 1557 2044; x_wconf 90' lang='lat' dir='ltr'>copulam</span> <span class='ocrx_word' id='word_1_125' title='bbox 1584 1979 1654 2023; x_wconf 91' lang='lat' dir='ltr'>car·</span> 
     </span>
     <span class='ocr_line' id='line_1_14' title="bbox 301 2084 1653 2167; baseline -0.004 -20"><span class='ocrx_word' id='word_1_126' title='bbox 301 2084 412 2148; x_wconf 91' lang='lat' dir='ltr'>nalem</span> <span class='ocrx_word' id='word_1_127' title='bbox 436 2104 511 2147; x_wconf 93' lang='lat' dir='ltr'>cum</span> <span class='ocrx_word' id='word_1_128' title='bbox 539 2084 736 2163; x_wconf 90' lang='lat' dir='ltr'>mulieribus,</span> <span class='ocrx_word' id='word_1_129' title='bbox 759 2094 796 2148; x_wconf 95' lang='lat' dir='ltr'>ut</span> <span class='ocrx_word' id='word_1_130' title='bbox 823 2085 964 2167; x_wconf 87' lang='lat' dir='ltr'>ipsemet</span> <span class='ocrx_word' id='word_1_131' title='bbox 993 2085 1116 2167; x_wconf 89' lang='lat' dir='ltr'>pluries</span> <span class='ocrx_word' id='word_1_132' title='bbox 1143 2086 1311 2150; x_wconf 90' lang='lat' dir='ltr'>confessus</span> <span class='ocrx_word' id='word_1_133' title='bbox 1338 2086 1380 2148; x_wconf 93' lang='lat' dir='ltr'>sit</span> <span class='ocrx_word' id='word_1_134' title='bbox 1407 2093 1484 2148; x_wconf 90' lang='lat' dir='ltr'>ante</span> <span class='ocrx_word' id='word_1_135' title='bbox 1511 2090 1653 2144; x_wconf 90' lang='lat' dir='ltr'>mortem</span> 
     </span>
     <span class='ocr_line' id='line_1_15' title="bbox 301 2201 1653 2288; baseline -0.004 -20"><span class='ocrx_word' id='word_1_136' title='bbox 301 2226 396 2268; x_wconf 91' lang='lat' dir='ltr'>suam</span> <span class='ocrx_word' id='word_1_137' title='bbox 419 2206 553 2286; x_wconf 93' lang='lat' dir='ltr'>quando</span> <span class='ocrx_word' id='word_1_138' title='bbox 585 2225 684 2267; x_wconf 91' lang='lat' dir='ltr'>manu</span> <span class='ocrx_word' id='word_1_139' title='bbox 715 2226 775 2268; x_wconf 88' lang='lat' dir='ltr'>sua</span> <span class='ocrx_word' id='word_1_140' title='bbox 803 2207 935 2288; x_wconf 88' lang='lat' dir='ltr'>propria</span> <span class='ocrx_word' id='word_1_141' title='bbox 966 2207 1185 2270; x_wconf 89' lang='lat' dir='ltr'>elimosinarie</span> <span class='ocrx_word' id='word_1_142' title='bbox 1214 2207 1389 2283; x_wconf 89' lang='lat' dir='ltr'>distribuit,</span> <span class='ocrx_word' id='word_1_143' title='bbox 1415 2215 1452 2268; x_wconf 89' lang='lat' dir='ltr'>ut</span> <span class='ocrx_word' id='word_1_144' title='bbox 1485 2225 1547 2286; x_wconf 89' lang='lat' dir='ltr'>ego</span> <span class='ocrx_word' id='word_1_145' title='bbox 1577 2201 1653 2264; x_wconf 95' lang='lat' dir='ltr'>novi</span> 
     </span>
     <span class='ocr_line' id='line_1_16' title="bbox 300 2325 1023 2390; baseline 0 -1"><span class='ocrx_word' id='word_1_146' title='bbox 300 2346 388 2389; x_wconf 90' lang='lat' dir='ltr'>anno</span> <span class='ocrx_word' id='word_1_147' title='bbox 412 2325 547 2388; x_wconf 89' lang='lat' dir='ltr'>Domini</span> <span class='ocrx_word' id='word_1_148' title='bbox 571 2325 746 2389; x_wconf 88' lang='lat' dir='ltr'>millesimo</span> <span class='ocrx_word' id='word_1_149' title='bbox 769 2334 880 2390; x_wconf 87' lang='lat' dir='ltr'>cccc¹¹¹⁰</span> <span class='ocrx_word' id='word_1_150' title='bbox 901 2334 1023 2390; x_wconf 68' lang='lat' dir='ltr'>xxxm0.</span> 
     </span>
    </p>

    <p class='ocr_par' dir='ltr' id='par_1_3' title="bbox 300 2440 1653 2771">
     <span class='ocr_line' id='line_1_17' title="bbox 387 2440 1652 2526; baseline -0.006 -18"><span class='ocrx_word' id='word_1_151' title='bbox 387 2455 423 2522; x_wconf 81' lang='lat' dir='ltr'>[p.</span> <span class='ocrx_word' id='word_1_152' title='bbox 448 2455 500 2520; x_wconf 64' lang='lat'>50]</span> <span class='ocrx_word' id='word_1_153' title='bbox 551 2447 638 2509; x_wconf 95' lang='lat' dir='ltr'>Novi</span> <span class='ocrx_word' id='word_1_154' title='bbox 665 2448 763 2521; x_wconf 90' lang='lat' dir='ltr'>enim,</span> <span class='ocrx_word' id='word_1_155' title='bbox 787 2468 874 2510; x_wconf 93' lang='lat' dir='ltr'>anno</span> <span class='ocrx_word' id='word_1_156' title='bbox 902 2449 1038 2511; x_wconf 93' lang='lat' dir='ltr'>Domini</span> <span class='ocrx_word' id='word_1_157' title='bbox 1066 2448 1242 2512; x_wconf 91' lang='lat' dir='ltr'>millesimo</span> <span class='ocrx_word' id='word_1_158' title='bbox 1273 2454 1385 2512; x_wconf 70' lang='lat' dir='ltr'>ccccm⁰</span> <span class='ocrx_word' id='word_1_159' title='bbox 1411 2444 1529 2526; x_wconf 59' lang='lat' dir='ltr'>xliiij20,</span> <span class='ocrx_word' id='word_1_160' title='bbox 1557 2440 1652 2503; x_wconf 92' lang='lat' dir='ltr'>muli-</span> 
     </span>
     <span class='ocr_line' id='line_1_18' title="bbox 300 2565 1653 2651; baseline -0.007 -20"><span class='ocrx_word' id='word_1_161' title='bbox 300 2588 392 2631; x_wconf 91' lang='lat' dir='ltr'>erem</span> <span class='ocrx_word' id='word_1_162' title='bbox 410 2588 485 2649; x_wconf 88' lang='lat' dir='ltr'>quae</span> <span class='ocrx_word' id='word_1_163' title='bbox 506 2566 568 2631; x_wconf 91' lang='lat' dir='ltr'>fuit</span> <span class='ocrx_word' id='word_1_164' title='bbox 589 2569 710 2648; x_wconf 84' lang='lat' dir='ltr'>saepius</span> <span class='ocrx_word' id='word_1_165' title='bbox 732 2568 904 2632; x_wconf 89' lang='lat' dir='ltr'>carnaliter</span> <span class='ocrx_word' id='word_1_166' title='bbox 925 2568 1056 2651; x_wconf 88' lang='lat' dir='ltr'>cognita</span> <span class='ocrx_word' id='word_1_167' title='bbox 1073 2579 1106 2632; x_wconf 91' lang='lat' dir='ltr'>et</span> <span class='ocrx_word' id='word_1_168' title='bbox 1126 2568 1308 2633; x_wconf 90' lang='lat' dir='ltr'>voluntarie</span> <span class='ocrx_word' id='word_1_169' title='bbox 1328 2589 1348 2630; x_wconf 92' lang='lat' dir='ltr'>a</span> <span class='ocrx_word' id='word_1_170' title='bbox 1363 2567 1432 2630; x_wconf 88' lang='lat' dir='ltr'>viro</span> <span class='ocrx_word' id='word_1_171' title='bbox 1454 2565 1653 2644; x_wconf 90' lang='lat' dir='ltr'>voluptuoso</span> 
     </span>
     <span class='ocr_line' id='line_1_19' title="bbox 301 2683 1652 2771; baseline -0.006 -21"><span class='ocrx_word' id='word_1_172' title='bbox 301 2687 373 2762; x_wconf 90' lang='lat' dir='ltr'>sibi,</span> <span class='ocrx_word' id='word_1_173' title='bbox 391 2697 424 2750; x_wconf 92' lang='lat' dir='ltr'>et</span> <span class='ocrx_word' id='word_1_174' title='bbox 448 2697 561 2751; x_wconf 91' lang='lat' dir='ltr'>tamen</span> <span class='ocrx_word' id='word_1_175' title='bbox 586 2688 618 2748; x_wconf 94' lang='lat' dir='ltr'>in</span> <span class='ocrx_word' id='word_1_176' title='bbox 640 2689 782 2752; x_wconf 87' lang='lat' dir='ltr'>crastino</span> <span class='ocrx_word' id='word_1_177' title='bbox 799 2688 1018 2766; x_wconf 91' lang='lat' dir='ltr'>Pentecostes,</span> <span class='ocrx_word' id='word_1_178' title='bbox 1034 2698 1109 2771; x_wconf 94' lang='lat' dir='ltr'>post</span> <span class='ocrx_word' id='word_1_179' title='bbox 1124 2690 1332 2770; x_wconf 90' lang='lat' dir='ltr'>voluptatem</span> <span class='ocrx_word' id='word_1_180' title='bbox 1354 2706 1447 2750; x_wconf 92' lang='lat' dir='ltr'>suam</span> <span class='ocrx_word' id='word_1_181' title='bbox 1471 2683 1652 2765; x_wconf 83' lang='lat' dir='ltr'>impletam,</span> 
     </span>
    </p>
   </div>
   <div class='ocr_carea' id='block_1_3' title="bbox 300 2805 1652 2892">
    <p class='ocr_par' dir='ltr' id='par_1_4' title="bbox 300 2805 1652 2892">
     <span class='ocr_line' id='line_1_20' title="bbox 300 2805 1652 2892; baseline -0.006 -21"><span class='ocrx_word' id='word_1_182' title='bbox 300 2809 418 2871; x_wconf 89' lang='lat' dir='ltr'>eadem</span> <span class='ocrx_word' id='word_1_183' title='bbox 455 2809 579 2885; x_wconf 88' lang='lat' dir='ltr'>mulier,</span> <span class='ocrx_word' id='word_1_184' title='bbox 612 2810 681 2870; x_wconf 89' lang='lat' dir='ltr'>viro</span> <span class='ocrx_word' id='word_1_185' title='bbox 719 2810 912 2884; x_wconf 88' lang='lat' dir='ltr'>dormiente,</span> <span class='ocrx_word' id='word_1_186' title='bbox 945 2809 977 2870; x_wconf 90' lang='lat' dir='ltr'>in</span> <span class='ocrx_word' id='word_1_187' title='bbox 1011 2811 1158 2892; x_wconf 88' lang='lat' dir='ltr'>quinque</span> <span class='ocrx_word' id='word_1_188' title='bbox 1190 2810 1270 2874; x_wconf 93' lang='lat' dir='ltr'>locis</span> <span class='ocrx_word' id='word_1_189' title='bbox 1307 2807 1489 2871; x_wconf 89' lang='lat' dir='ltr'>vulneravit</span> <span class='ocrx_word' id='word_1_190' title='bbox 1520 2805 1652 2884; x_wconf 82' lang='lat' dir='ltr'>virgam</span> 
     </span>
    </p>
   </div>
   <div class='ocr_carea' id='block_1_4' title="bbox 299 2927 1654 4220">
    <p class='ocr_par' dir='ltr' id='par_1_5' title="bbox 299 2927 1654 4220">
     <span class='ocr_line' id='line_1_21' title="bbox 300 2927 1653 3026; baseline -0.005 -34"><span class='ocrx_word' id='word_1_191' title='bbox 300 2929 450 3010; x_wconf 90' lang='lat' dir='ltr'>ejusdem</span> <span class='ocrx_word' id='word_1_192' title='bbox 477 2930 534 2991; x_wconf 88' lang='lat' dir='ltr'>viri</span> <span class='ocrx_word' id='word_1_193' title='bbox 560 2951 635 2992; x_wconf 92' lang='lat' dir='ltr'>cum</span> <span class='ocrx_word' id='word_1_194' title='bbox 663 2929 805 3007; x_wconf 88' lang='lat' dir='ltr'>cultello,</span> <span class='ocrx_word' id='word_1_195' title='bbox 838 2931 885 2993; x_wconf 89' lang='lat' dir='ltr'>ita</span> <span class='ocrx_word' id='word_1_196' title='bbox 911 2931 1001 3012; x_wconf 94' lang='lat' dir='ltr'>quod</span> <span class='ocrx_word' id='word_1_197' title='bbox 1029 2941 1145 3012; x_wconf 89' lang='lat' dir='ltr'>postea</span> <span class='ocrx_word' id='word_1_198' title='bbox 1172 2931 1264 2994; x_wconf 89' lang='lat' dir='ltr'>urina</span> <span class='ocrx_word' id='word_1_199' title='bbox 1294 2931 1397 2993; x_wconf 86' lang='lat' dir='ltr'>exivit</span> <span class='ocrx_word' id='word_1_200' title='bbox 1427 2929 1460 2989; x_wconf 93' lang='lat' dir='ltr'>in</span> <span class='ocrx_word' id='word_1_201' title='bbox 1486 2927 1653 3026; x_wconf 81' lang='lat' dir='ltr'>superiore</span> 
     </span>
     <span class='ocr_line' id='line_1_22' title="bbox 300 3047 1652 3132; baseline -0.004 -20"><span class='ocrx_word' id='word_1_202' title='bbox 300 3061 395 3132; x_wconf 89' lang='lat' dir='ltr'>parte</span> <span class='ocrx_word' id='word_1_203' title='bbox 411 3051 510 3132; x_wconf 79' lang='lat' dir='ltr'>virgae</span> <span class='ocrx_word' id='word_1_204' title='bbox 531 3052 576 3113; x_wconf 92' lang='lat' dir='ltr'>sic</span> <span class='ocrx_word' id='word_1_205' title='bbox 597 3050 766 3127; x_wconf 83' lang='lat' dir='ltr'>abscissae3</span> <span class='ocrx_word' id='word_1_206' title='bbox 789 3060 821 3112; x_wconf 90' lang='lat' dir='ltr'>et</span> <span class='ocrx_word' id='word_1_207' title='bbox 840 3061 953 3113; x_wconf 90' lang='lat' dir='ltr'>tamen</span> <span class='ocrx_word' id='word_1_208' title='bbox 970 3051 1057 3113; x_wconf 92' lang='lat' dir='ltr'>idem</span> <span class='ocrx_word' id='word_1_209' title='bbox 1072 3053 1130 3126; x_wconf 92' lang='lat' dir='ltr'>vir,</span> <span class='ocrx_word' id='word_1_210' title='bbox 1146 3052 1236 3132; x_wconf 90' lang='lat' dir='ltr'>gravi</span> <span class='ocrx_word' id='word_1_211' title='bbox 1255 3071 1372 3113; x_wconf 93' lang='lat' dir='ltr'>somno</span> <span class='ocrx_word' id='word_1_212' title='bbox 1393 3059 1470 3112; x_wconf 92' lang='lat' dir='ltr'>tunc</span> <span class='ocrx_word' id='word_1_213' title='bbox 1486 3047 1652 3125; x_wconf 82' lang='lat' dir='ltr'>detentus,</span> 
     </span>
     <span class='ocr_line' id='line_1_23' title="bbox 300 3165 1653 3252; baseline -0.004 -20"><span class='ocrx_word' id='word_1_214' title='bbox 300 3170 390 3232; x_wconf 93' lang='lat' dir='ltr'>illam</span> <span class='ocrx_word' id='word_1_215' title='bbox 422 3170 613 3234; x_wconf 90' lang='lat' dir='ltr'>scissionem</span> <span class='ocrx_word' id='word_1_216' title='bbox 644 3191 708 3233; x_wconf 93' lang='lat' dir='ltr'>non</span> <span class='ocrx_word' id='word_1_217' title='bbox 739 3171 897 3252; x_wconf 88' lang='lat' dir='ltr'>percepit,</span> <span class='ocrx_word' id='word_1_218' title='bbox 928 3190 1101 3252; x_wconf 90' lang='lat' dir='ltr'>quousque</span> <span class='ocrx_word' id='word_1_219' title='bbox 1130 3191 1188 3252; x_wconf 90' lang='lat' dir='ltr'>per</span> <span class='ocrx_word' id='word_1_220' title='bbox 1218 3181 1343 3234; x_wconf 88' lang='lat' dir='ltr'>certam</span> <span class='ocrx_word' id='word_1_221' title='bbox 1377 3188 1504 3231; x_wconf 89' lang='lat' dir='ltr'>moram</span> <span class='ocrx_word' id='word_1_222' title='bbox 1537 3165 1653 3229; x_wconf 92' lang='lat' dir='ltr'>ambu-</span> 
     </span>
     <span class='ocr_line' id='line_1_24' title="bbox 300 3286 1653 3372; baseline -0.005 -19"><span class='ocrx_word' id='word_1_223' title='bbox 300 3291 402 3353; x_wconf 90' lang='lat' dir='ltr'>lasset</span> <span class='ocrx_word' id='word_1_224' title='bbox 431 3299 609 3372; x_wconf 90' lang='lat' dir='ltr'>postquam</span> <span class='ocrx_word' id='word_1_225' title='bbox 632 3290 789 3371; x_wconf 88' lang='lat' dir='ltr'>vigilavit,</span> <span class='ocrx_word' id='word_1_226' title='bbox 818 3299 890 3354; x_wconf 91' lang='lat' dir='ltr'>toto</span> <span class='ocrx_word' id='word_1_227' title='bbox 924 3291 1012 3353; x_wconf 90' lang='lat' dir='ltr'>enim</span> <span class='ocrx_word' id='word_1_228' title='bbox 1043 3301 1193 3372; x_wconf 89' lang='lat' dir='ltr'>tempore</span> <span class='ocrx_word' id='word_1_229' title='bbox 1223 3291 1309 3353; x_wconf 92' lang='lat' dir='ltr'>illius</span> <span class='ocrx_word' id='word_1_230' title='bbox 1334 3289 1498 3354; x_wconf 89' lang='lat' dir='ltr'>scissionis</span> <span class='ocrx_word' id='word_1_231' title='bbox 1531 3286 1653 3349; x_wconf 90' lang='lat' dir='ltr'>somni·</span> 
     </span>
     <span class='ocr_line' id='line_1_25' title="bbox 300 3407 1653 3494; baseline -0.004 -21"><span class='ocrx_word' id='word_1_232' title='bbox 300 3411 376 3488; x_wconf 88' lang='lat' dir='ltr'>avit,</span> <span class='ocrx_word' id='word_1_233' title='bbox 408 3420 442 3474; x_wconf 91' lang='lat' dir='ltr'>et</span> <span class='ocrx_word' id='word_1_234' title='bbox 473 3431 574 3493; x_wconf 89' lang='lat' dir='ltr'>parvo</span> <span class='ocrx_word' id='word_1_235' title='bbox 603 3420 754 3493; x_wconf 90' lang='lat' dir='ltr'>tempore</span> <span class='ocrx_word' id='word_1_236' title='bbox 787 3422 903 3493; x_wconf 90' lang='lat' dir='ltr'>postea</span> <span class='ocrx_word' id='word_1_237' title='bbox 934 3421 1115 3494; x_wconf 90' lang='lat' dir='ltr'>antequam</span> <span class='ocrx_word' id='word_1_238' title='bbox 1146 3410 1235 3474; x_wconf 92' lang='lat' dir='ltr'>illam</span> <span class='ocrx_word' id='word_1_239' title='bbox 1266 3411 1455 3475; x_wconf 88' lang='lat' dir='ltr'>scissionem</span> <span class='ocrx_word' id='word_1_240' title='bbox 1485 3407 1653 3490; x_wconf 90' lang='lat' dir='ltr'>vigilando</span> 
     </span>
     <span class='ocr_line' id='line_1_26' title="bbox 299 3525 1653 3614; baseline -0.004 -21"><span class='ocrx_word' id='word_1_241' title='bbox 299 3532 467 3614; x_wconf 90' lang='lat' dir='ltr'>percepit;</span> <span class='ocrx_word' id='word_1_242' title='bbox 502 3551 563 3595; x_wconf 90' lang='lat' dir='ltr'>nec</span> <span class='ocrx_word' id='word_1_243' title='bbox 588 3531 790 3613; x_wconf 91' lang='lat' dir='ltr'>impossibile</span> <span class='ocrx_word' id='word_1_244' title='bbox 822 3531 892 3606; x_wconf 91' lang='lat' dir='ltr'>fuit,</span> <span class='ocrx_word' id='word_1_245' title='bbox 919 3532 1010 3614; x_wconf 93' lang='lat' dir='ltr'>quod</span> <span class='ocrx_word' id='word_1_246' title='bbox 1037 3532 1083 3595; x_wconf 90' lang='lat' dir='ltr'>sic</span> <span class='ocrx_word' id='word_1_247' title='bbox 1110 3532 1273 3596; x_wconf 92' lang='lat' dir='ltr'>dormivit.</span> <span class='ocrx_word' id='word_1_248' title='bbox 1327 3531 1414 3594; x_wconf 93' lang='lat' dir='ltr'>Novi</span> <span class='ocrx_word' id='word_1_249' title='bbox 1442 3530 1529 3593; x_wconf 92' lang='lat' dir='ltr'>enim</span> <span class='ocrx_word' id='word_1_250' title='bbox 1556 3525 1653 3590; x_wconf 93' lang='lat' dir='ltr'>muli·</span> 
     </span>
     <span class='ocr_line' id='line_1_27' title="bbox 300 3650 1654 3736; baseline -0.004 -20"><span class='ocrx_word' id='word_1_251' title='bbox 300 3673 390 3716; x_wconf 90' lang='lat' dir='ltr'>erem</span> <span class='ocrx_word' id='word_1_252' title='bbox 415 3653 644 3729; x_wconf 89' lang='lat' dir='ltr'>dormientem,</span> <span class='ocrx_word' id='word_1_253' title='bbox 672 3653 806 3716; x_wconf 89' lang='lat' dir='ltr'>nomine</span> <span class='ocrx_word' id='word_1_254' title='bbox 834 3653 1023 3728; x_wconf 83' lang='lat' dir='ltr'>isabellam,</span> <span class='ocrx_word' id='word_1_255' title='bbox 1051 3664 1084 3717; x_wconf 92' lang='lat' dir='ltr'>et</span> <span class='ocrx_word' id='word_1_256' title='bbox 1111 3656 1217 3736; x_wconf 92' lang='lat' dir='ltr'>ipsam</span> <span class='ocrx_word' id='word_1_257' title='bbox 1248 3654 1468 3718; x_wconf 88' lang='lat' dir='ltr'>dormientem</span> <span class='ocrx_word' id='word_1_258' title='bbox 1497 3650 1654 3731; x_wconf 89' lang='lat' dir='ltr'>magister</span> 
     </span>
     <span class='ocr_line' id='line_1_28' title="bbox 300 3770 1653 3856; baseline -0.004 -21"><span class='ocrx_word' id='word_1_259' title='bbox 300 3774 419 3837; x_wconf 92' lang='lat' dir='ltr'>domus</span> <span class='ocrx_word' id='word_1_260' title='bbox 439 3775 551 3852; x_wconf 84' lang='lat' dir='ltr'>traxit,</span> <span class='ocrx_word' id='word_1_261' title='bbox 574 3784 607 3837; x_wconf 90' lang='lat' dir='ltr'>et</span> <span class='ocrx_word' id='word_1_262' title='bbox 630 3775 769 3850; x_wconf 89' lang='lat' dir='ltr'>vocavit,</span> <span class='ocrx_word' id='word_1_263' title='bbox 794 3785 827 3838; x_wconf 88' lang='lat' dir='ltr'>et</span> <span class='ocrx_word' id='word_1_264' title='bbox 850 3774 1007 3856; x_wconf 91' lang='lat' dir='ltr'>palpavit,</span> <span class='ocrx_word' id='word_1_265' title='bbox 1032 3785 1066 3838; x_wconf 91' lang='lat' dir='ltr'>et</span> <span class='ocrx_word' id='word_1_266' title='bbox 1090 3796 1188 3838; x_wconf 93' lang='lat' dir='ltr'>manu</span> <span class='ocrx_word' id='word_1_267' title='bbox 1212 3796 1271 3837; x_wconf 88' lang='lat' dir='ltr'>sua</span> <span class='ocrx_word' id='word_1_268' title='bbox 1295 3775 1399 3838; x_wconf 89' lang='lat' dir='ltr'>crines</span> <span class='ocrx_word' id='word_1_269' title='bbox 1422 3770 1596 3840; x_wconf 90' lang='lat' dir='ltr'>avellebat,</span> <span class='ocrx_word' id='word_1_270' title='bbox 1620 3777 1653 3831; x_wconf 92' lang='lat' dir='ltr'>et</span> 
     </span>
     <span class='ocr_line' id='line_1_29' title="bbox 299 3889 1653 3978; baseline -0.006 -20"><span class='ocrx_word' id='word_1_271' title='bbox 299 3904 413 3958; x_wconf 89' lang='lat' dir='ltr'>tamen</span> <span class='ocrx_word' id='word_1_272' title='bbox 436 3916 495 3958; x_wconf 91' lang='lat' dir='ltr'>nec</span> <span class='ocrx_word' id='word_1_273' title='bbox 517 3904 596 3959; x_wconf 90' lang='lat' dir='ltr'>tunc</span> <span class='ocrx_word' id='word_1_274' title='bbox 617 3916 677 3959; x_wconf 89' lang='lat' dir='ltr'>nec</span> <span class='ocrx_word' id='word_1_275' title='bbox 698 3905 816 3977; x_wconf 91' lang='lat' dir='ltr'>postea</span> <span class='ocrx_word' id='word_1_276' title='bbox 839 3917 897 3978; x_wconf 90' lang='lat' dir='ltr'>per</span> <span class='ocrx_word' id='word_1_277' title='bbox 915 3896 998 3958; x_wconf 90' lang='lat' dir='ltr'>duas</span> <span class='ocrx_word' id='word_1_278' title='bbox 1018 3895 1116 3959; x_wconf 91' lang='lat' dir='ltr'>horas</span> <span class='ocrx_word' id='word_1_279' title='bbox 1133 3896 1311 3978; x_wconf 84' lang='lat' dir='ltr'>vigilabat3</span> <span class='ocrx_word' id='word_1_280' title='bbox 1336 3895 1410 3958; x_wconf 93' lang='lat' dir='ltr'>novi</span> <span class='ocrx_word' id='word_1_281' title='bbox 1433 3894 1532 3955; x_wconf 90' lang='lat' dir='ltr'>etiam</span> <span class='ocrx_word' id='word_1_282' title='bbox 1553 3889 1653 3952; x_wconf 89' lang='lat' dir='ltr'>aliam</span> 
     </span>
     <span class='ocr_line' id='line_1_30' title="bbox 300 4012 1652 4098; baseline -0.004 -20"><span class='ocrx_word' id='word_1_283' title='bbox 300 4036 359 4097; x_wconf 92' lang='lat' dir='ltr'>per</span> <span class='ocrx_word' id='word_1_284' title='bbox 385 4015 469 4078; x_wconf 88' lang='lat' dir='ltr'>duos</span> <span class='ocrx_word' id='word_1_285' title='bbox 499 4016 570 4079; x_wconf 90' lang='lat' dir='ltr'>dies</span> <span class='ocrx_word' id='word_1_286' title='bbox 596 4016 826 4092; x_wconf 87' lang='lat' dir='ltr'>dormientem,</span> <span class='ocrx_word' id='word_1_287' title='bbox 853 4026 886 4080; x_wconf 88' lang='lat' dir='ltr'>et</span> <span class='ocrx_word' id='word_1_288' title='bbox 916 4017 1086 4080; x_wconf 89' lang='lat' dir='ltr'>verberata</span> <span class='ocrx_word' id='word_1_289' title='bbox 1113 4037 1180 4080; x_wconf 92' lang='lat' dir='ltr'>non</span> <span class='ocrx_word' id='word_1_290' title='bbox 1206 4017 1375 4098; x_wconf 85' lang='lat' dir='ltr'>vigilabat,</span> <span class='ocrx_word' id='word_1_291' title='bbox 1400 4015 1458 4077; x_wconf 92' lang='lat' dir='ltr'>sed</span> <span class='ocrx_word' id='word_1_292' title='bbox 1486 4012 1652 4075; x_wconf 89' lang='lat' dir='ltr'>dormiens</span> 
     </span>
     <span class='ocr_line' id='line_1_31' title="bbox 299 4136 1327 4220; baseline -0.002 -20"><span class='ocrx_word' id='word_1_293' title='bbox 299 4136 483 4219; x_wconf 90' lang='lat' dir='ltr'>permansit</span> <span class='ocrx_word' id='word_1_294' title='bbox 505 4146 578 4200; x_wconf 88' lang='lat' dir='ltr'>toto</span> <span class='ocrx_word' id='word_1_295' title='bbox 601 4147 751 4220; x_wconf 88' lang='lat' dir='ltr'>tempore</span> <span class='ocrx_word' id='word_1_296' title='bbox 772 4138 1008 4202; x_wconf 89' lang='lat' dir='ltr'>verberationis</span> <span class='ocrx_word' id='word_1_297' title='bbox 1031 4148 1064 4202; x_wconf 90' lang='lat' dir='ltr'>et</span> <span class='ocrx_word' id='word_1_298' title='bbox 1087 4138 1327 4220; x_wconf 87' lang='lat' dir='ltr'>flagellationis.</span> 
     </span>
    </p>
   </div>
   <div class='ocr_carea' id='block_1_5' title="bbox 388 4253 1653 4423">
    <p class='ocr_par' dir='ltr' id='par_1_6' title="bbox 388 4253 1653 4423">
     <span class='ocr_line' id='line_1_32' title="bbox 388 4253 1653 4341; baseline -0.009 -16"><span class='ocrx_word' id='word_1_299' title='bbox 388 4266 429 4333; x_wconf 84' lang='lat' dir='ltr'>[p.</span> <span class='ocrx_word' id='word_1_300' title='bbox 445 4266 498 4332; x_wconf 69' lang='lat' dir='ltr'>sa]</span> <span class='ocrx_word' id='word_1_301' title='bbox 544 4258 645 4323; x_wconf 94' lang='lat' dir='ltr'>Unde</span> <span class='ocrx_word' id='word_1_302' title='bbox 668 4259 752 4324; x_wconf 90' lang='lat' dir='ltr'>tales</span> <span class='ocrx_word' id='word_1_303' title='bbox 775 4259 940 4322; x_wconf 91' lang='lat' dir='ltr'>libidinosi</span> <span class='ocrx_word' id='word_1_304' title='bbox 964 4258 1086 4341; x_wconf 90' lang='lat' dir='ltr'>pluries</span> <span class='ocrx_word' id='word_1_305' title='bbox 1110 4259 1235 4323; x_wconf 88' lang='lat' dir='ltr'>habent</span> <span class='ocrx_word' id='word_1_306' title='bbox 1257 4277 1392 4341; x_wconf 90' lang='lat' dir='ltr'>poenam</span> <span class='ocrx_word' id='word_1_307' title='bbox 1420 4257 1452 4318; x_wconf 90' lang='lat' dir='ltr'>in</span> <span class='ocrx_word' id='word_1_308' title='bbox 1478 4253 1594 4318; x_wconf 90' lang='lat' dir='ltr'>eadem</span> <span class='ocrx_word' id='word_1_309' title='bbox 1619 4272 1653 4314; x_wconf 89' lang='lat' dir='ltr'>re</span> 
     </span>
     <span class='ocr_line' id='line_1_33' title="bbox 965 4375 989 4423; baseline 0 0"><span class='ocrx_word' id='word_1_310' title='bbox 965 4375 989 4423; x_wconf 83' lang='lat' dir='ltr'>&#39;l&#39;</span> 
     </span>
    </p>
   </div>
   <div class='ocr_carea' id='block_1_6' title="bbox 0 0 1914 4904">
    <p class='ocr_par' dir='ltr' id='par_1_7' title="bbox 0 0 1914 4904">
     <span class='ocr_line' id='line_1_34' title="bbox 0 0 1914 4904; baseline 0 0"><span class='ocrx_word' id='word_1_311' title='bbox 0 0 1914 4904; x_wconf 95' lang='lat' dir='ltr'> </span> 
     </span>
    </p>
   </div>
  </div>
 </body>
</html>
