3818 4904
633 436 732 491 LOCI
756 438 786 490 E
813 438 938 492 LIBRO
973 440 1233 496 VERITATUM.
1550 451 1611 518 223

255 647 345 711 bona
363 650 431 712 vita
453 649 486 710 in
504 648 661 728 parochia
681 659 852 725 cresceret,
868 651 1019 731 quamvis
1038 651 1176 715 ecclesia
1197 651 1371 735 collegiata
1391 674 1457 717 non
1476 653 1612 717 haberet

257 769 319 832 nisi
351 769 436 832 duos
457 767 509 831 vel
538 776 605 829 tres
634 769 824 832 sacerdotes
851 771 1049 836 scientificos
1078 781 1112 836 et
1134 772 1219 836 bene
1241 775 1398 852 viventes,
1420 774 1472 837 vel
1501 774 1612 856 plures

256 890 437 953 secundum
463 888 610 953 valorem
638 888 793 968 ecclesiae,
817 900 852 955 et
877 892 924 956 sic
951 901 1002 955 est
1032 892 1209 976 collegium
1243 893 1379 959 Ricardi
1406 894 1612 976 Wittington

257 1007 451 1073 Londoniis.

343 1138 381 1205 [p.
404 1139 476 1202 osu]
521 1137 694 1194 Sacerdos.
738 1131 801 1195 Vae
831 1152 910 1213 ergo
943 1134 991 1196 eis
1026 1134 1082 1215 qui
1115 1135 1301 1198 concedunt
1331 1133 1485 1197 ecclesias
1516 1155 1612 1217 paro·

256 1249 381 1313 chiales
410 1251 623 1333 appropriari,
649 1259 683 1314 et
712 1250 837 1315 habent
866 1253 1038 1316 annuatim
1065 1255 1108 1317 de
1137 1253 1286 1336 qualibet
1319 1255 1457 1318 ecclesia
1487 1265 1610 1320 certam

256 1372 459 1453 pensionem,
476 1372 519 1434 de
534 1370 645 1452 aliqua
662 1370 801 1435 ecclesia
816 1370 853 1434 xl
868 1370 1002 1448 solidos,
1020 1373 1063 1436 de
1077 1372 1141 1437 alia
1156 1374 1272 1455 viginti
1294 1374 1419 1439 solidos
1439 1377 1611 1439 annuatim

256 1511 338 1573 quas
368 1491 513 1572 episcopi
540 1500 661 1555 vocant
687 1492 947 1573 indempnitates
973 1514 1058 1566 suas
1086 1494 1138 1557 vel
1165 1495 1254 1557 dona
1283 1514 1343 1576 pro
1369 1494 1613 1576 indempnitate

256 1630 317 1674 sua
339 1611 494 1690 cavenda,
517 1619 551 1674 et
574 1612 621 1674 sic
644 1612 774 1692 operuit
798 1611 941 1676 lacrimis
962 1613 1068 1677 altare
1091 1615 1176 1677 Dei!

344 1740 381 1807 [p.
402 1740 472 1804 648]
516 1738 693 1807 scriptura
715 1740 828 1796 saera.
875 1733 947 1796 Nec
973 1744 1025 1797 est
1049 1734 1208 1816 scriptura
1232 1735 1461 1817 vituperanda,
1489 1755 1549 1799 nec
1576 1745 1612 1799 ut

256 1852 364 1934 caliga
390 1851 522 1915 Walliae
552 1853 746 1935 reputanda,
770 1853 797 1915 si
827 1854 871 1917 sit
897 1853 1047 1935 pluribus
1072 1856 1158 1917 veris
1187 1853 1404 1938 applicabilis,
1435 1856 1520 1919 sicut
1551 1876 1611 1919 nec

257 1974 395 2037 materia
418 1974 524 2055 prima
543 1982 594 2036 est
611 1974 807 2056 vituperata,
829 1995 869 2038 eo
891 1976 981 2056 quod
1005 1995 1114 2058 capax
1135 1986 1185 2039 est
1209 1976 1351 2058 plurium
1374 1986 1408 2040 et
1430 1975 1611 2058 disparium

256 2092 447 2156 formarum.

343 2223 381 2288 [p.
404 2222 475 2288 656]
520 2220 734 2277 scandulum.
782 2213 877 2278 Obiit
904 2213 1047 2278 Sanctus
1075 2216 1176 2291 Beda,
1200 2216 1242 2297 vij
1271 2216 1432 2280 kalendas
1457 2217 1556 2298 Junii,
1578 2218 1611 2280 in

257 2336 457 2398 monasterio
479 2335 677 2398 sanctissimi
702 2335 795 2398 Pauli
817 2335 960 2417 apostoli
982 2336 1015 2398 in
1035 2336 1125 2417 Jarn,
1139 2345 1259 2400 vocato
1278 2336 1417 2400 Girnum
1439 2338 1471 2400 in
1492 2338 1611 2401 Latine

256 2477 427 2534 sermone;
454 2457 565 2538 ibique
588 2455 737 2537 sepultus
760 2455 830 2531 fuit,
853 2465 887 2520 et
906 2466 1024 2538 postea
1044 2457 1225 2520 translatus
1245 2457 1461 2520 Dunelmium
1479 2457 1611 2521 fuerunt

255 2575 328 2665 (sic)
352 2598 411 2660 per
433 2579 591 2642 devotum
615 2578 821 2641 sacerdotem
839 2576 1100 2641 Dunelmensem
1122 2576 1318 2654 Aluredum,
1340 2577 1444 2641 filium
1459 2576 1610 2652 Westini,

255 2709 289 2763 et
312 2719 430 2782 corpus
454 2699 525 2781 ejus
552 2693 698 2780 positum
727 2699 759 2760 in
787 2699 905 2762 eadem
932 2698 1029 2762 theca
1060 2698 1093 2761 in
1121 2718 1186 2780 qua
1211 2697 1273 2761 fuit
1299 2719 1417 2782 corpus
1444 2699 1611 2781 incorrup-

255 2831 327 2885 tum
351 2822 456 2885 sancti
479 2821 582 2903 patris
607 2818 795 2887 Cuthberti.
815 2819 862 2882 ita
885 2830 922 2882 ut
944 2840 1009 2883 una
1036 2829 1070 2884 et
1093 2820 1211 2883 eadem
1235 2819 1332 2883 theca
1356 2840 1473 2902 corpus
1496 2817 1611 2883 Sancti

257 2940 434 3007 Cuthberti
469 2951 503 3005 et
535 2962 611 3004 ossa
643 2941 759 3005 Sancti
791 2940 892 3004 Bedae
923 2941 1122 3004 continebat.
1183 2941 1268 3003 Haec
1303 2941 1369 3003 vidi
1406 2941 1438 3003 in
1470 2938 1611 3003 Cronica

255 3062 344 3125 bona
364 3062 574 3127 Eveshamiae
595 3082 656 3144 per
678 3080 720 3145 30
739 3060 878 3124 miliaria
897 3062 939 3124 ab
964 3060 1119 3137 Oxonia3
1150 3071 1267 3142 postea
1287 3071 1409 3138 tamen,
1425 3070 1461 3124 ut
1483 3060 1609 3136 dicitur,

255 3193 444 3265 separatum
475 3183 537 3247 fuit
567 3202 687 3264 corpus
718 3181 834 3247 Sancti
866 3181 968 3245 Bedae
998 3201 1018 3244 a
1048 3200 1185 3262 corpore
1215 3179 1330 3245 Sancti
1362 3179 1547 3259 Cuthberti,
1577 3189 1610 3243 et

255 3304 400 3386 positum
423 3304 455 3366 in
479 3303 543 3366 alia
566 3302 703 3385 capsula
726 3303 759 3364 in
780 3301 918 3366 ecclesia
943 3301 1159 3365 Dunelmensi
1184 3302 1217 3364 in
1240 3301 1314 3365 loco
1333 3312 1453 3366 vocato
1473 3300 1610 3378 Galilea‚

255 3424 311 3487 ubi
330 3424 399 3505 jam
422 3423 603 3487 honoratur
624 3444 643 3486 a
666 3422 753 3487 clero
775 3432 809 3486 et
832 3422 967 3505 populo.

341 3553 378 3620 [p.
400 3552 471 3618 673]
509 3552 708 3619 whoologus.
754 3541 937 3607 Canonista
958 3544 1045 3607 enirn
1065 3545 1155 3623 capit
1174 3564 1233 3605 sua
1258 3542 1418 3624 principia
1441 3514 1556 3623 primaL
1573 3550 1610 3603 ut

255 3675 455 3730 concernunt
480 3665 616 3749 agibilia
641 3664 684 3728 ab
708 3664 852 3741 homine,
876 3675 910 3729 et
937 3686 957 3727 a
983 3663 1122 3729 concilio
1149 3663 1295 3746 generali
1322 3662 1478 3738 ecclesiae,
1501 3681 1558 3724 seu
1589 3682 1609 3724 a

255 3806 343 3870 papa
366 3788 458 3852 edita
480 3797 514 3851 et
536 3796 672 3861 statuta,
692 3795 729 3849 ut
752 3785 876 3869 regulae
898 3795 1031 3849 actuum
1055 3785 1202 3849 ecclesiae
1225 3783 1474 3866 pertinencium.
1520 3779 1609 3845 Civi-

255 3907 331 3972 lista
357 3909 444 3972 enim
469 3908 558 3990 capit
585 3907 745 3992 principia
770 3927 839 3982 sua,
862 3917 899 3971 ut
923 3916 1125 3971 concernunt
1149 3905 1304 3987 policiam
1330 3913 1363 3968 et
1389 3902 1609 3968 cohabitacio-

256 4049 332 4093 nem
363 4029 545 4102 hominum,
576 4029 619 4092 ab
655 4028 855 4111 imperatore
889 4048 946 4090 seu
981 4027 1025 4090 ab
1057 4025 1130 4089 aliis
1163 4025 1416 4107 praesidentibus
1447 4022 1608 4086 ordinata.

257 4149 295 4215 Si
325 4150 495 4214 canonista
520 4148 572 4212 vel
602 4149 742 4213 civilista
772 4150 836 4211 ista
866 4147 1025 4230 principia
1055 4146 1276 4219 transcendat,
1304 4154 1385 4227 puta
1415 4144 1447 4206 in
1478 4144 1609 4225 objecta

255 4270 415 4334 naturalia
438 4291 494 4333 seu
519 4269 639 4346 divina,
663 4280 741 4335 tunc
764 4268 956 4333 facultatem
981 4288 1075 4331 suam
1099 4267 1239 4331 dimittit
1262 4276 1296 4330 ct
1318 4266 1416 4329 aliam
1440 4265 1552 4347 intratt
