3818 4904
654 421 755 476 LocI
780 423 810 476 E
838 422 964 477 LIBRO
999 421 1256 478 VERITATUM.
1572 429 1630 493 191
1680 441 1683 446 ·

282 633 370 695 enim
401 633 547 716 episcopi
584 633 741 698 favebant
774 634 963 716 Reginaldo
996 634 1115 711 Pecok,
1145 634 1303 717 episcopo
1333 642 1413 697 tunc
1442 632 1633 709 Assavensi,

282 752 414 831 dicenti,
444 755 534 836 quod
568 753 715 837 episcopi
747 775 814 818 non
844 763 1033 819 tenerentur
1067 756 1257 837 praedicare,
1287 775 1327 818 eo
1362 755 1453 836 quod
1488 753 1634 836 episcopi

283 882 369 951 sunt,
395 893 456 938 nec
487 874 549 956 ipsi
578 883 718 958 peccant
747 875 781 938 in
811 875 924 939 dando
954 884 1109 954 annuata,
1136 876 1198 939 i.e.
1221 876 1345 958 primos
1374 874 1505 952 fructus,
1527 894 1635 957 papae,

281 1005 464 1077 antequam
490 995 574 1059 fiunt
602 996 759 1079 episcopi,
784 1017 850 1059 non
877 996 971 1060 stetit
996 996 1121 1080 Anglia
1151 996 1184 1059 in
1214 1015 1305 1078 pace,
1330 996 1389 1059 sed
1420 1016 1501 1058 mox
1531 995 1636 1057 insur-

283 1123 443 1178 rexerunt
465 1115 598 1198 plurimi
624 1116 657 1179 in
683 1115 819 1198 Anglia,
845 1116 1026 1198 spoliantes
1053 1126 1087 1180 et
1113 1117 1301 1181 occidentes
1326 1116 1480 1192 diversos,
1506 1125 1540 1178 et
1561 1134 1637 1197 pes·

283 1235 368 1298 sime
404 1236 580 1318 loquentes
622 1237 665 1300 de
705 1236 935 1301 ecclesiasticis
971 1236 1170 1315 hominibus,
1208 1237 1265 1319 qui
1305 1236 1421 1300 vivunt
1457 1237 1501 1300 de
1540 1235 1636 1298 bonis

284 1355 439 1434 ecclesiae,
466 1365 500 1420 et
523 1357 628 1420 eciam
653 1357 696 1419 de
720 1357 829 1421 officio
855 1356 967 1439 aliquo
992 1377 1114 1438 magno
1138 1377 1213 1420 cum
1237 1357 1348 1440 aliquo
1373 1356 1519 1434 domin0,
1544 1356 1635 1439 quod

283 1476 421 1540 habenti
447 1477 612 1541 sufficeret
639 1478 683 1541 ad
709 1479 813 1541 vitam
843 1477 1018 1541 honestam
1047 1480 1310 1543 sustentandam.
1356 1478 1452 1555 Item,
1478 1478 1638 1542 dixerunt

284 1597 491 1680 insurgentes
518 1608 597 1662 tunc
620 1599 652 1661 in
675 1597 810 1681 Anglia,
834 1600 924 1680 quod
951 1599 1122 1681 pluralitas
1148 1598 1367 1677 ecclesiarum,
1390 1608 1424 1663 et
1446 1598 1638 1681 appropria·

285 1718 396 1782 ciones
422 1718 634 1783 ecclesiarum
660 1719 899 1802 parochialium
924 1719 1133 1784 monasteriis
1159 1728 1193 1783 et
1219 1718 1365 1784 ecclesiis
1385 1719 1577 1801 collegiatis,
1602 1728 1638 1783 et

286 1859 353 1901 non
376 1839 557 1904 residencia
578 1840 792 1921 praelatorum
813 1849 850 1904 et
872 1849 1036 1905 rectorum
1059 1840 1092 1902 in
1114 1840 1182 1903 suis
1205 1840 1298 1919 curis,
1323 1849 1357 1904 et
1376 1840 1513 1922 indigna
1531 1838 1637 1903 malo·

287 1979 360 2021 rum
377 1968 411 2023 et
428 1959 587 2042 juvenum
609 1960 644 2023 in
663 1960 801 2025 ecclesia
823 1961 1001 2044 promocio,
1020 1982 1105 2044 quos
1128 1982 1191 2043 ego
1211 1962 1286 2024 novi
1307 1959 1379 2042 jam
1401 1959 1526 2024 nescire
1547 1960 1637 2043 loqui

287 2079 455 2159 Latinum,
471 2100 531 2144 nec
553 2082 687 2163 propria
707 2083 796 2145 bona
817 2081 987 2163 recipiunt,
1002 2083 1061 2146 sed
1083 2082 1166 2145 servi
1183 2102 1297 2145 eorum
1317 2082 1405 2145 bona
1426 2101 1539 2145 eorum
1557 2081 1638 2145 reci-

286 2202 392 2285 piunt,
406 2212 440 2265 et
456 2203 672 2283 expendunt;
693 2202 765 2266 haec
789 2202 878 2266 mala
898 2212 933 2266 et
950 2202 1159 2285 proclamant
1178 2223 1294 2267 omnes
1315 2202 1455 2266 famosi:
1481 2203 1639 2267 ‘Destru-

288 2331 348 2387 unt
368 2322 494 2386 bonum
515 2323 661 2405 regimen
685 2323 831 2387 ecclesiae
855 2333 890 2389 et
912 2323 1118 2387 animarum’
1162 2323 1308 2405 Jacobus
1328 2324 1416 2387 enim
1436 2323 1559 2405 Fynys,
1582 2324 1638 2406 qui

287 2452 425 2506 vocatus
453 2442 515 2507 suit
545 2442 699 2506 dominus
725 2444 768 2507 de
799 2442 879 2526 Say,
909 2464 975 2508 una
1003 2464 1080 2509 cum
1109 2444 1182 2508 aliis
1210 2443 1360 2526 personis
1394 2443 1479 2507 circa
1510 2443 1639 2526 Regem

288 2563 474 2627 Henricum
501 2563 656 2637 Sextum,
681 2584 748 2627 non
775 2564 1013 2646 permittebant
1037 2564 1182 2648 aliquem
1205 2564 1384 2646 praedicare
1410 2584 1521 2628 coram
1550 2585 1638 2647 rege,

287 2685 351 2749 nisi
380 2685 471 2768 prius
501 2685 563 2767 ipsi
591 2685 745 2750 viderunt
780 2685 873 2750 illum
902 2705 1090 2750 sermonem
1119 2687 1287 2768 scriptum,
1316 2685 1369 2749 vel
1398 2685 1488 2768 prius
1513 2684 1640 2768 juraret

287 2806 342 2871 vel
368 2807 576 2888 promitteret
599 2808 846 2888 praedicaturus,
871 2807 962 2889 quod
988 2828 1054 2870 non
1081 2807 1275 2889 praedicaret
1304 2816 1419 2870 contra
1448 2806 1640 2871 assistentes

289 2928 366 3011 regi,
396 2948 456 2992 nec
487 2938 601 2992 contra
630 2928 718 2994 facta
747 2928 841 3012 regis,
872 2949 932 2992 nec
962 2937 1078 2993 contra
1107 2928 1196 2992 iacta
1225 2930 1275 2991 sui
1306 2927 1424 3009 privati
1453 2927 1505 2991 vel
1532 2928 1639 2991 verius

289 3050 382 3133 pravi
411 3050 562 3128 concilii3
592 3060 627 3114 et
656 3050 702 3114 sic
735 3052 873 3114 verbum
904 3050 968 3113 Dei
999 3049 1119 3132 injuste
1148 3060 1182 3112 et
1215 3049 1335 3131 inique,
1365 3068 1441 3113 cum
1470 3049 1543 3112 aliis
1572 3050 1640 3112 suis

289 3172 482 3250 fautoribus,
511 3171 668 3253 alligavit,
699 3192 742 3236 ne
775 3172 883 3236 exiret
916 3172 950 3236 in
981 3172 1151 3256 puplicum
1177 3173 1302 3234 bonum
1331 3179 1366 3235 et
1394 3171 1569 3248 debitum3
1605 3181 1641 3234 et

287 3293 357 3377 jam
384 3292 530 3376 episcopi
557 3311 624 3356 non
649 3293 834 3375 praedicant
856 3292 1015 3357 vocaliter
1034 3302 1068 3357 et
1090 3292 1335 3376 exemplariter,
1358 3293 1418 3356 sed
1442 3293 1535 3356 Deus
1556 3312 1641 3373 prae·

290 3415 381 3480 dicat
403 3413 535 3479 realiter
556 3414 728 3479 inserendo
750 3415 797 3478 eis
820 3423 853 3478 et
876 3415 949 3478 aliis
971 3414 1201 3497 peccatoribus
1223 3412 1522 3496 magna'poenalia.

379 3544 418 3612 [p.
435 3544 504 3611 511.]
547 3534 664 3617 Aliqui
690 3534 808 3613 sciunt,
831 3543 864 3599 et
888 3543 1036 3618 possunt,
1061 3545 1094 3600 et
1116 3535 1240 3600 debent
1261 3535 1450 3618 praedicare,
1471 3543 1506 3598 et
1527 3542 1641 3598 tamen

291 3677 359 3721 non
381 3656 586 3740 praedicant3
614 3666 649 3720 et
672 3676 806 3720 causam
828 3657 972 3720 reddunt
994 3656 1163 3721 dicentes:
1187 3656 1341 3720 ‘Frustra
1362 3655 1499 3738 corrigo,
1521 3654 1641 3718 frustra

292 3779 446 3862 praedic0,
472 3778 551 3861 quia
572 3777 710 3842 audiens
737 3798 803 3840 ηοη
827 3777 951 3855 obedit,
974 3797 1033 3841 nec
1063 3778 1209 3860 seipsum
1238 3776 1379 3859 corrigit,
1406 3785 1441 3840 et
1470 3776 1545 3839 ideo
1575 3795 1642 3838 ηοη

292 3900 446 3983 praedico,
468 3899 547 3982 quia
568 3899 719 3976 fructum,
742 3918 842 3980 quem
865 3898 1081 3978 intenderem,
1104 3919 1170 3961 non
1193 3897 1347 3979 percipio,
1364 3906 1398 3960 et
1420 3897 1466 3960 sic
1488 3895 1642 3979 praedico,

293 4021 383 4103 quod
413 4020 566 4103 praedico,
591 4029 625 4084 et
655 4020 744 4102 quod
767 4015 862 4082 dico!
906 4017 1007 4082 Tales
1033 4019 1121 4082 enim
1145 4019 1192 4082 sic
1222 4018 1369 4082 dicentes
1399 4016 1643 4082 considerarent

293 4140 384 4225 quod
423 4141 574 4204 nesciunt
610 4150 719 4205 utrum
756 4140 894 4203 audiens
930 4141 1067 4204 verbum
1109 4139 1250 4202 fructum
1291 4138 1382 4201 verbi
1422 4136 1556 4220 recipiet
1598 4157 1643 4200 an

295 4283 386 4343 non;
421 4263 512 4328 dicat
537 4282 616 4346 ergo
642 4262 840 4346 praedicator
862 4262 952 4344 quod
981 4262 1074 4326 Deus
1100 4261 1206 4344 ipsum
1237 4260 1348 4343 posuit
1378 4267 1585 4342 erogatorem
1609 4267 1645 4323 et
