3818 4904
293 387 355 466 184
669 396 768 451 LOCI
794 395 823 448 E
851 395 977 448 LIBRO
1011 395 1270 449 transmeari.

291 610 451 688 themate,
476 621 555 675 tunc
583 611 728 674 declaret
756 610 928 673 materiam
955 611 1169 691 propositam,
1197 623 1231 674 et
1258 610 1313 672 illa
1340 630 1415 692 quae
1439 608 1650 674 includuntur

293 730 326 792 in
360 729 416 793 illa
451 731 588 793 materia
619 730 796 812 proposita,
827 738 860 792 et
896 729 1069 792 materiam
1104 730 1307 811 propositam
1339 731 1371 792 in
1403 728 1563 812 principio
1600 729 1649 789 sui

292 852 454 914 sermonis
476 852 522 914 ita
538 851 684 914 declaret
705 851 910 933 praedicator,
925 851 1015 932 quod
1038 870 1104 913 non
1121 851 1235 913 recitet
1255 850 1481 914 conclusiones
1502 851 1649 914 materia:

293 973 326 1035 in
355 993 502 1046 numer0,
526 974 584 1035 sed
611 972 755 1035 declaret
789 972 962 1034 materiam
992 972 1197 1053 propositam
1229 973 1410 1034 secundum
1441 973 1650 1053 exigenciam

293 1095 439 1157 materiae
466 1106 501 1158 et
524 1095 704 1157 secundum
729 1094 936 1175 exigenciam
964 1104 999 1156 et
1025 1092 1201 1155 utilitatem
1230 1093 1412 1156 audienciae
1438 1093 1481 1155 ad
1508 1093 1650 1155 salutem

293 1215 437 1291 animae3
468 1224 505 1278 ut
534 1217 560 1277 si
583 1214 663 1278 velit
687 1216 865 1296 praedicare
889 1215 932 1277 de
959 1215 1077 1277 timore
1101 1214 1165 1277 Dei
1192 1215 1338 1277 declaret
1362 1214 1451 1277 illam
1477 1214 1650 1276 materiam

293 1344 328 1397 et
349 1327 474 1397 inclusa
497 1336 529 1397 in
554 1335 609 1398 illa
633 1336 779 1413 materia,
795 1343 828 1397 et
851 1345 929 1398 tunc
949 1355 1015 1397 non
1035 1336 1134 1413 dicat,
1151 1335 1270 1398 ‘Tales
1292 1336 1518 1399 conclusiones
1541 1345 1575 1399 et
1599 1345 1650 1399 tot

294 1456 521 1519 conclusiones
541 1455 618 1519 volo
638 1456 805 1519 declarare
827 1456 858 1518 in
876 1456 938 1520 ista
955 1453 1111 1531 materia,'
1127 1457 1184 1519 sed
1205 1457 1303 1535 dicat,
1320 1457 1458 1521 ‘Talem
1477 1458 1650 1520 materiam

293 1576 372 1639 volo
399 1576 566 1640 declarare
592 1598 651 1659 per
675 1578 738 1640 Dei
766 1578 920 1660 graciam,
944 1577 1028 1639 sicut
1054 1578 1190 1640 materia
1213 1577 1268 1640 illa
1294 1579 1470 1655 concernit,
1490 1579 1542 1641 vel
1566 1579 1650 1641 sicut

293 1696 426 1761 videtur
446 1698 544 1761 michi
568 1719 640 1761 esse
662 1697 742 1760 utile
760 1697 859 1760 saluti
883 1698 1068 1759 animarum
1084 1694 1102 1774 3’
1126 1709 1159 1761 et
1181 1706 1261 1761 tunc
1284 1698 1430 1762 declaret
1453 1699 1571 1762 doctor
1592 1720 1649 1761 seu

294 1818 493 1899 praedicator
531 1819 702 1881 materiam
742 1819 948 1900 propositam
984 1819 1166 1881 secundum
1205 1819 1411 1901 exigenclam
1450 1828 1484 1883 et
1520 1818 1652 1883 habitu-

295 1938 420 2013 dinem,
447 1939 466 2000 i.
484 1960 513 2002 e.
537 1939 707 2020 sequelam
741 1938 827 2001 illius
854 1940 1010 2015 materiae,
1033 1939 1117 2002 sicut
1147 1939 1320 2022 theologus
1344 1940 1526 2004 declararet
1547 1948 1652 2003 mate·

294 2060 378 2121 riam
397 2060 611 2142 propositam,
628 2060 660 2122 in
682 2059 827 2123 leccione
845 2080 904 2121 sua
923 2059 1087 2122 ordinaria
1106 2059 1159 2122 vel
1184 2060 1454 2136 extraordinaria,
1470 2061 1652 2125 secundum

295 2180 503 2261 exigenciam
526 2181 672 2243 materiae
695 2181 882 2263 propositae,
901 2189 934 2243 et
957 2182 1138 2244 secundum
1159 2181 1239 2243 illud
1262 2183 1351 2264 quod
1376 2184 1513 2246 materia
1532 2203 1650 2264 propo·

294 2301 357 2363 sita
379 2301 484 2383 exigit
508 2311 542 2364 et
568 2301 712 2382 requirit,
727 2312 760 2365 et
779 2302 960 2364 secundum
981 2301 1210 2365 habitudinem
1234 2323 1290 2365 seu
1313 2303 1480 2385 sequelam
1505 2304 1651 2366 materiae

294 2423 481 2504 propositae,
511 2431 544 2484 et
566 2422 745 2484 secundum
779 2422 869 2502 quod
898 2422 1037 2484 materia
1066 2423 1263 2486 declaranda
1293 2415 1476 2498 concernit,
1498 2434 1531 2487 et
1562 2425 1651 2487 dicat

294 2541 491 2624 praedicator
514 2542 598 2605 sicut
621 2543 708 2605 dixit
733 2541 876 2605 Sanctus
899 2541 1087 2622 Jeronimus
1109 2545 1152 2606 ad
1176 2553 1325 2607 sanctam
1348 2545 1508 2627 virginem
1529 2544 1651 2607 Eusto-

296 2662 407 2726 chium
431 2663 464 2725 in
487 2661 625 2745 prologo
650 2663 722 2725 libri
746 2663 851 2744 quinti
876 2665 926 2726 sui
950 2654 1048 2745 su'per
1071 2663 1256 2726 Ezechiele.

298 2833 300 2838 .
383 2793 418 2859 [p.
435 2791 507 2858 447]
552 2783 599 2845 Et
625 2783 690 2845 isto
718 2785 819 2846 modo
846 2784 983 2846 intendo
1011 2804 1073 2866 ego
1103 2786 1260 2866 deinceps
1283 2785 1473 2866 praedicare,
1500 2807 1560 2868 per
1586 2787 1651 2849 Dei

295 2905 451 2988 graciam,
483 2925 528 2968 sc.
552 2906 707 2967 materias
736 2906 947 2980 necessarias,
979 2907 1022 2968 de
1055 2906 1173 2988 quibus
1205 2906 1295 2989 loqui
1326 2907 1472 2985 intend0,
1500 2908 1534 2970 in
1563 2908 1652 2990 prin·

296 3027 382 3110 cipio
416 3029 576 3089 sermonis
606 3047 799 3108 proponere,
829 3036 863 3090 et
893 3036 1049 3090 contenta
1079 3028 1113 3088 in
1140 3028 1266 3090 eisdem
1298 3029 1443 3092 materiis
1474 3029 1651 3105 declarare,

295 3147 423 3229 absque
445 3148 653 3211 assumcione
677 3147 815 3229 alicujus
840 3157 955 3211 textus
979 3148 1031 3210 vel
1063 3146 1220 3211 thematis
1245 3148 1277 3210 in
1302 3149 1462 3231 principio
1491 3151 1653 3213 sermonis

295 3267 349 3332 vel
376 3268 633 3350 praedicacionis,
659 3269 706 3331 ita
736 3269 826 3350 quod
855 3269 973 3331 modus
1003 3269 1204 3350 praedicandi
1234 3269 1277 3331 ad
1306 3269 1467 3350 populum
1497 3279 1654 3352 sequatur

297 3390 435 3452 modum
459 3388 590 3470 legendi
621 3389 795 3452 doctorum
817 3389 952 3469 quando
983 3388 1096 3471 legunt
1120 3390 1284 3453 ordinarie
1312 3400 1370 3454 aut
1394 3391 1654 3454 extraordinarie

297 3510 457 3574 lecciones
487 3530 564 3573 suas
598 3510 630 3571 in
662 3509 767 3582 scolis,
793 3509 999 3583 declarantes
1030 3511 1062 3572 in
1087 3530 1152 3573 una
1182 3510 1328 3574 leccione
1358 3531 1458 3574 unam
1488 3511 1539 3574 vel
1570 3512 1653 3576 duas

295 3630 347 3693 vel
371 3641 437 3694 tres
462 3629 625 3707 materias,
639 3630 692 3693 vel
716 3640 871 3693 contenta
895 3631 928 3693 in
952 3632 1087 3693 eisdem.
1132 3630 1304 3714 Antiquus
1326 3632 1414 3695 enim
1438 3632 1556 3696 modus
1577 3653 1653 3715 pro·

297 3753 441 3834 ponendi
473 3750 699 3814 conclusiones
730 3753 762 3812 in
794 3751 891 3814 scolis
916 3751 1110 3834 Theologiae
1136 3753 1281 3817 Oxoniae
1311 3773 1372 3836 per
1401 3755 1554 3818 doctores
1580 3753 1651 3830 suit,

296 3893 481 3954 proponere
503 3872 648 3954 aliquem
665 3882 797 3936 textum
816 3873 931 3936 Bibliae
955 3894 1013 3956 per
1035 3875 1172 3937 modum
1191 3874 1409 3939 conclusionis
1431 3875 1652 3957 disputandae‚

299 4004 335 4057 ut
357 3995 473 4076 siquis
490 3995 623 4072 diceret,
639 4004 749 4057 utrum
767 3994 879 4057 ‘Deus
895 4004 1043 4058 nostrum
1061 3995 1222 4077 refugium
1239 4003 1272 4057 et
1287 3995 1390 4058 virtus
1406 3997 1456 4074 sit,
1471 3994 1605 4076 adjutor
1619 3999 1652 4060 in

298 4111 606 4178 tribulacionibus?’
630 4117 720 4196 quod
737 4137 804 4178 non
820 4116 968 4197 arguitur
988 4116 1034 4179 sic
1054 4125 1088 4180 et
1104 4118 1161 4180 sic.
1209 4116 1304 4189 Item,
1321 4137 1435 4198 quaero
1456 4117 1488 4179 in
1508 4118 1653 4181 secunda

299 4236 434 4300 materia
456 4256 530 4299 mea
554 4236 764 4318 disputanda,
781 4257 823 4299 an
840 4237 949 4302 ‘Deus
969 4237 1052 4303 vidit
1075 4236 1298 4320 cogitaciones
1318 4236 1527 4302 hominum?'
1549 4237 1654 4304 ethic
