3818 4904
296 400 335 481 76
670 410 767 467 LOCI
794 412 823 467 E
852 410 976 467 LIBRO
1011 409 1267 468 Vsum-iwan

296 619 478 701 Romanus,
513 625 628 689 doctor
665 626 766 709 Hugo
801 628 843 690 de
875 625 1012 703 Vienna,
1049 647 1147 708 super
1181 622 1447 689 Ecclesiasticum
1483 632 1516 687 et
1549 642 1646 708 supet

298 739 483 808 Proverbia.

384 865 545 948 Quintum
569 865 692 931 flumen
715 867 915 931 Babilonicae
939 867 1136 931 confusionis
1159 875 1192 929 et
1216 866 1363 942 miseriae,
1387 864 1497 947 plures
1519 866 1646 927 animas

296 985 477 1063 destruens,
493 998 543 1050 est
563 987 685 1051 abusus
705 989 902 1052 sacramenti
923 988 1129 1070 poenitenciae
1149 997 1182 1050 et
1198 984 1288 1049 falsae
1309 985 1395 1064 fidei,
1411 1008 1476 1068 qua
1495 986 1646 1049 homines

296 1106 436 1170 credunt
461 1128 496 1171 se
520 1108 642 1172 habere
668 1128 779 1172 veram
804 1109 934 1172 veniam
959 1109 1064 1191 culpae
1091 1118 1124 1171 et
1148 1128 1256 1190 poenae
1281 1119 1413 1172 aeternae
1437 1130 1457 1172 a
1481 1109 1565 1185 Deo,
1588 1126 1647 1190 per

296 1228 541 1292 absolucionem
564 1233 753 1306 sacerdotis,
769 1232 920 1314 quamvis
941 1250 1051 1295 coram
1074 1230 1147 1294 Deo
1171 1251 1236 1294 non
1259 1230 1383 1294 habent
1405 1248 1517 1295 veram
1541 1231 1647 1312 poeni⁴

296 1349 448 1428 tenciam,
472 1370 532 1414 nec
558 1372 669 1415 veram
696 1353 899 1416 aversionem
922 1373 942 1415 a
969 1354 1121 1434 peccatis,
1145 1372 1204 1416 nec
1230 1373 1340 1416 veram
1363 1353 1543 1416 voluntatis
1569 1370 1647 1417 con·

297 1469 479 1534 versionem
513 1473 556 1535 ad
594 1472 682 1536 bona
719 1490 827 1554 opera,
858 1473 900 1535 ad
937 1492 1012 1555 quae
1044 1471 1116 1554 jure
1149 1483 1274 1536 naturae
1306 1483 1339 1536 et
1369 1473 1402 1536 in
1429 1472 1503 1555 jure
1536 1474 1647 1537 divino

297 1589 497 1672 obligantur.
544 1592 640 1657 Heu!
664 1615 704 1656 eo
723 1595 812 1676 quod
829 1594 939 1676 plures
953 1594 1076 1668 dicunt,
1095 1592 1268 1657 ‘Faciliter
1283 1593 1376 1657 Deus
1391 1594 1529 1657 remittit
1547 1614 1647 1658 omne

298 1709 442 1789 malum‚'
464 1721 498 1775 et
520 1712 595 1776 ideo
618 1734 684 1776 non
707 1725 823 1778 curant
850 1712 938 1777 mala
964 1733 1061 1796 agere
1086 1734 1145 1780 nec
1168 1714 1286 1788 dicere,
1311 1734 1377 1776 non
1401 1715 1647 1779 considerantes

298 1833 387 1914 quod
405 1832 496 1896 Deus
513 1834 612 1898 dicit:
637 1835 728 1897 ‘Nisi
744 1835 978 1918 poenitenciam
999 1835 1140 1918 egeritis,
1156 1855 1271 1898 omnes
1289 1834 1438 1898 similiter
1456 1831 1647 1917 perhibitis,'

297 1963 341 2032 et,
357 1954 453 2017 ‘Non
474 1955 582 2018 omnis
601 1956 657 2038 qui
678 1955 757 2019 dicit
779 1956 886 2031 michi,
910 1956 1073 2019 Domine!
1106 1955 1270 2019 Domine!
1296 1956 1433 2019 intrabit
1455 1957 1488 2019 in
1509 1970 1647 2038 regnum

297 2072 466 2149 coelorum,
482 2075 541 2138 sed
557 2076 613 2158 qui
635 2075 714 2140 lacit
735 2077 939 2140 voluntatem
964 2076 1069 2140 Patris
1093 2077 1165 2153 mei,
1182 2077 1237 2158 qul
1261 2074 1293 2138 in
1316 2077 1408 2140 coelis
1432 2075 1502 2141 est.⁹
1548 2076 1646 2141 Heul

297 2196 375 2277 quia
398 2196 455 2277 qui
480 2215 546 2258 non
568 2205 683 2260 curant
704 2217 849 2279 peccare,
872 2199 949 2280 qula
973 2197 1065 2261 Deus
1088 2198 1158 2261 vult
1185 2199 1350 2260 remittere
1371 2217 1448 2261 vere
1474 2197 1647 2270 conversis,

298 2315 431 2395 faciunt,
459 2317 617 2399 inquam
643 2317 676 2379 in
701 2318 779 2399 ipsis
806 2328 866 2395 est,
890 2319 979 2400 quod
1006 2318 1137 2381 bonitas
1165 2317 1229 2381 Dei
1259 2317 1302 2380 sit
1330 2336 1428 2381 causa
1454 2337 1556 2400 quare
1585 2318 1648 2401 ipsi

297 2452 434 2521 peccare
459 2457 524 2502 non
551 2447 676 2503 curant.
723 2439 769 2504 Et
795 2441 917 2504 talibus
940 2439 1020 2504 dicit
1044 2426 1217 2518 Dominus,
1236 2438 1310 2502 ‘An
1334 2438 1448 2503 oculus
1472 2436 1567 2516 tuus,’
1586 2440 1607 2501 i.
1620 2461 1648 2504 e.

297 2558 451 2622 voluntas
469 2568 535 2636 tua,
554 2565 714 2642 ‘nequam
730 2571 789 2639 est,
804 2562 882 2644 quia
898 2580 959 2643 ego
974 2546 1081 2623 bonus
1101 2556 1204 2623 sum?’
1231 2559 1360 2624 Mathei
1374 2560 1548 2638 vicesim03
1570 2560 1649 2643 quia

299 2680 392 2744 Deus
414 2680 596 2744 misericors
619 2691 669 2745 est
690 2702 767 2745 vere
790 2683 963 2759 conversis,
989 2681 1064 2744 ideo
1087 2702 1153 2744 non
1176 2690 1292 2745 curant
1315 2701 1449 2763 peccare
1472 2689 1506 2744 et
1528 2680 1648 2744 falsum

297 2802 436 2864 credunt
462 2802 505 2864 de
531 2801 614 2877 Deo,
638 2802 762 2866 scillcet
786 2802 896 2865 Deum
924 2803 1001 2865 dare
1028 2802 1073 2865 sic
1099 2801 1239 2880 veniam,
1264 2802 1419 2882 graciam,
1447 2810 1480 2866 et
1506 2800 1647 2884 gloriam

299 2923 400 2986 modo
423 2943 490 3004 quo
512 2923 574 3006 ipsi
596 2923 720 3002 volunt,
741 2942 808 2987 non
830 2905 1075 2988 considerantes
1097 2922 1187 3006 quod
1210 2922 1373 2986 Dominus
1395 2923 1475 2987 dicit
1496 2920 1649 3003 Jeremiae

299 3043 416 3125 quinto
446 3045 584 3121 decimo,
607 3045 661 3110 ‘Si
692 3046 829 3128 Moyses
855 3056 890 3110 et
916 3044 1051 3110 Samuel
1084 3047 1213 3108 orarent
1243 3063 1303 3126 pro
1333 3042 1457 3127 populo
1487 3045 1560 3121 isto,
1582 3060 1649 3107 non

299 3164 478 3228 exaudiam
502 3161 577 3244 eos,'
599 3166 734 3242 scilicet,
759 3176 795 3230 ut
824 3166 966 3249 populus
995 3165 1124 3229 veniam
1155 3149 1363 3228 habeantet
1391 3163 1545 3247 graciam,
1573 3165 1651 3247 qula

298 3303 360 3348 nec
393 3285 551 3349 omittunt
582 3286 670 3351 mala
705 3287 819 3350 debito
852 3287 964 3362 modo,
994 3304 1055 3349 nec
1088 3283 1212 3348 iaciunt
1245 3284 1334 3347 bona
1363 3300 1463 3366 opera
1495 3285 1539 3348 ad
1574 3300 1650 3366 quae

298 3413 461 3469 tenentur.
500 3406 664 3471 Dominus
683 3408 771 3472 enim
787 3408 874 3471 dixit
891 3405 1073 3470 Ezechielis
1089 3404 1192 3487 xviij⁰‚
1208 3410 1218 3440 ‘
1228 3404 1265 3469 Si
1283 3405 1403 3486 impius
1421 3405 1525 3488 egerit
1544 3405 1651 3487 poeni·

299 3526 443 3589 tenciam
473 3527 516 3589 ab
546 3511 700 3591 omnibus
729 3528 874 3611 peccatis
911 3527 977 3590 suis
1010 3546 1085 3608 quae
1122 3534 1275 3607 operatus
1306 3514 1377 3602 est,
1394 3534 1428 3588 et
1457 3526 1651 3590 custodierit

300 3647 450 3710 universa
474 3658 640 3730 praecepta
671 3645 763 3726 mea,’
788 3648 918 3725 scilicet,
945 3669 1020 3730 quae
1044 3647 1150 3710 lacere
1173 3647 1283 3724 debet,
1311 3645 1395 3709 ‘vita
1416 3646 1505 3709 vivet
1527 3653 1562 3709 et
1584 3664 1650 3709 non

300 3767 477 3846 morietur‚'
504 3769 536 3831 id
568 3779 627 3848 est,
653 3780 733 3834 tunc
758 3791 779 3833 a
806 3769 881 3832 Deo
911 3789 977 3833 non
1008 3769 1231 3850 separabitur3
1262 3787 1359 3850 super
1380 3788 1447 3849 quo
1477 3776 1573 3830 textu
1604 3766 1651 3831 sic

300 3889 411 3953 scribit
436 3889 578 3955 Sanctus
601 3890 797 3971 Jeronimus,
819 3893 936 3955 doctor
958 3891 1111 3969 coelestis,
1134 3892 1167 3952 in
1186 3886 1442 3953 Commentariis
1463 3887 1531 3951 suis
1553 3904 1652 3970 super

300 4006 521 4075 Ezechielem.
565 4012 661 4091 Vide,
685 4013 818 4096 qualem
846 4013 1063 4096 poenitentem
1090 4011 1225 4093 suscipit
1253 4009 1347 4073 Deus
1373 4010 1416 4073 ad
1446 4010 1590 4091 graciam
1618 4019 1652 4072 et

300 4114 452 4210 ueniam3
482 4134 615 4211 scilicet,
640 4155 715 4198 eum
739 4134 796 4218 qui
817 4155 895 4198 vere
916 4155 935 4198 a
958 4135 1102 4218 peccatis
1125 4132 1290 4210 avertitur,
1314 4140 1346 4195 et
1371 4132 1413 4194 ad
1440 4130 1528 4195 bona
1551 4146 1652 4211 opera

301 4251 416 4316 debita
439 4264 526 4319 recte
549 4255 758 4320 convertitur·
801 4255 925 4320 Videat
948 4275 1027 4338 ergo
1053 4254 1228 4337 poenitens,
1251 4262 1284 4318 et
1307 4252 1483 4337 diligenter
1504 4270 1524 4315 a
1547 4249 1652 4316 scien·
