3818 4904
288 414 330 476 60
661 416 760 474 LOCI
787 416 816 473 E
845 416 968 473 LIBRO
1004 413 1261 470 VERITATUM.

289 634 505 716 Augustinus
553 631 634 697 Ideo
661 643 821 715 oportune
845 641 877 695 et
902 631 1097 713 importune,
1123 630 1141 692 i.
1153 650 1180 693 e.
1203 627 1266 690 hiis
1289 626 1344 710 qui
1370 625 1495 702 volunt,
1518 636 1551 690 et
1577 625 1639 690 hiis

290 756 347 837 qui
377 755 491 818 audire
522 775 587 817 non
621 754 746 832 volunt,
779 752 1027 836 praedicandum
1059 759 1119 813 est.
1177 749 1259 813 Ideo
1294 749 1459 812 Dominus
1488 748 1640 828 Jeremiae

291 875 457 958 praecepit,
483 876 613 938 decimo
639 876 782 956 septimo
808 873 960 955 capitulo,
985 881 1022 935 ut
1049 870 1242 953 praedicaret
1269 870 1301 932 in
1331 868 1434 950 portis
1461 869 1576 950 templi
1607 870 1641 932 in

291 995 485 1077 Jerusalem,
500 1006 536 1059 ut
552 995 694 1076 populus
717 996 802 1057 intra
818 993 989 1062 ecclesiam
1012 992 1168 1068 existens
1184 1011 1283 1054 causa
1297 989 1459 1055 oracionis
1475 999 1508 1053 et
1525 990 1642 1052 immo-

293 1116 437 1190 lacionis,
454 1116 607 1180 audirent
626 1115 762 1179 verbum
785 1114 857 1187 Dei,
874 1113 1025 1195 quamvis
1048 1112 1140 1174 inviti
1163 1110 1323 1188 audirent,
1343 1120 1378 1174 et
1401 1110 1553 1193 quamvis
1576 1130 1642 1173 non

293 1235 468 1299 voluerunt
498 1237 638 1299 libenter
666 1236 780 1298 audire
809 1233 946 1298 verbum
978 1232 1053 1296 Dei.
1108 1230 1196 1293 Tum
1219 1231 1313 1295 Deus
1335 1231 1494 1313 praecepit
1519 1230 1644 1294 Sancto

293 1355 313 1438 J
318 1357 458 1433 eremias,
483 1356 598 1438 virgini
623 1366 657 1420 et
683 1355 863 1437 prophetae,
885 1363 922 1417 ut
946 1352 1026 1416 illud
1051 1352 1097 1415 eis
1121 1352 1323 1434 praedicaret,
1344 1352 1422 1433 quia
1445 1351 1530 1416 sorte
1554 1353 1645 1433 quod

296 1478 328 1540 in
359 1477 518 1560 principio
545 1497 610 1539 non
636 1476 811 1558 suscipitur
841 1484 958 1557 postea
988 1474 1130 1537 libenter
1155 1472 1374 1554 amplexatur,
1403 1483 1436 1537 et
1466 1473 1522 1555 qui
1552 1472 1646 1536 audit

296 1597 548 1662 excusationem
579 1617 644 1660 non
673 1594 785 1673 habet,
811 1596 900 1677 quod
939 1614 1005 1656 non
1044 1595 1143 1659 novit.
1205 1590 1286 1657 Ideo
1317 1593 1425 1658 invitis
1454 1593 1646 1676 praedicavit

297 1716 441 1782 Sanetus
463 1716 633 1799 Jeremias,
656 1725 692 1781 ut
717 1725 858 1780 testatur
881 1714 1023 1779 Sanctus
1037 1714 1234 1796 Jeronimus,
1258 1714 1374 1778 doctor
1395 1714 1547 1791 coelestis,
1564 1713 1647 1776 libro

293 1859 358 1903 ,suo
389 1837 438 1919 iij⁰
463 1858 563 1919 super
585 1837 774 1920 Jeremiam,
800 1842 854 1900 ca⁰
884 1835 1015 1899 decimo
1047 1835 1190 1917 septimo
1220 1844 1334 1898 textus
1363 1834 1545 1917 prophetae.
1601 1831 1649 1898 Et

298 1959 545 2042 praedicandum
572 1967 622 2021 est
646 1957 783 2021 verbum
805 1956 870 2019 Dei
896 1966 929 2019 et
956 1955 1027 2036 ejus
1050 1955 1240 2033 declaraci0‚
1263 1956 1414 2037 quamvis
1439 1956 1495 2019 alii
1519 1965 1649 2019 contra·

298 2079 411 2144 dicant
429 2087 463 2142 et
478 2077 673 2159 vituperent,
691 2087 724 2141 et
740 2077 890 2159 quamvis
911 2075 1023 2158 pejora
1041 2078 1152 2141 dicant
1168 2087 1202 2140 et
1217 2076 1338 2140 faciant
1353 2097 1453 2159 quam
1470 2086 1649 2159 antequam

300 2200 365 2263 Dei
380 2198 518 2262 verbum
533 2197 717 2261 audierunt.
764 2196 819 2261 Sic
836 2198 923 2259 enim
941 2195 1030 2260 Xtus
1050 2198 1240 2279 praedicavit
1256 2195 1400 2262 Matthei
1418 2204 1482 2277 25⁰,
1499 2199 1650 2280 quamvis

299 2319 355 2383 alii
370 2319 485 2382 audito
500 2319 601 2382 verbo
613 2339 673 2382 suo
685 2317 898 2382 scandalizati
911 2318 1053 2391 suerunt,
1067 2319 1099 2381 id
1113 2327 1172 2393 est,
1186 2319 1267 2381 moti
1280 2320 1322 2382 ad
1336 2319 1459 2382 malum
1472 2320 1650 2383 dicendum

301 2451 335 2505 et
352 2440 550 2504 faciendum.
595 2438 683 2503 Item
705 2438 847 2520 apostoli
863 2437 1012 2502 Actuum
1029 2486 1036 2501 .
1053 2486 1061 2501 .
1077 2486 1085 2501 .
1101 2488 1108 2501 .
1124 2444 1177 2501 ca⁰
1197 2439 1287 2501 omni
1307 2439 1361 2503 die
1381 2441 1651 2522 praedicaverunt,

302 2560 452 2643 quamvis
477 2581 613 2642 poenam
637 2560 684 2624 eis
708 2560 880 2623 imminere
903 2558 1126 2640 providerunt,
1145 2558 1222 2639 quia
1244 2559 1358 2640 pocius
1380 2561 1539 2624 debemus
1559 2583 1653 2626 scan-

302 2682 415 2746 dalum
447 2682 649 2764 permittere,
678 2681 697 2744 i.
708 2704 736 2744 e.
766 2680 973 2744 occasionem
1009 2677 1086 2740 mali
1115 2677 1201 2754 oriri,
1232 2699 1332 2760 quam
1362 2681 1535 2746 veritatem
1565 2684 1651 2758 vitae,

302 2803 470 2881 doctrinae,
500 2824 558 2867 seu
589 2802 739 2884 justiciae,
765 2801 959 2884 relinquere,
986 2809 1072 2863 teste
1102 2810 1217 2863 sancto
1244 2821 1334 2884 papa
1365 2800 1525 2885 Gregorio
1555 2824 1655 2886 super

305 2922 525 2988 Ezechielem.
575 2922 703 2988 Cristus
726 2923 813 2987 enim
836 2921 940 2985 voluit
963 2921 1073 3003 potius
1095 2920 1199 2984 occidi
1222 2941 1323 3003 quam
1345 2925 1518 2988 veritatem
1542 2947 1654 2990 neces·

305 3045 424 3108 sariam
451 3053 570 3122 tacere,
596 3045 650 3108 vel
677 3044 839 3118 omittere,
864 3043 919 3107 vel
950 3051 1086 3124 peecata
1112 3042 1226 3124 populi
1253 3064 1318 3107 non
1344 3046 1593 3128 reprehendere,
1618 3058 1655 3112 ut

306 3165 453 3229 ostendit
487 3165 603 3229 doctor
636 3167 766 3231 divinus
797 3166 837 3229 li⁰
866 3164 916 3247 iij⁰
947 3163 1207 3238 Sentenciarum‚
1241 3166 1456 3232 distinceione
1488 3170 1655 3234 vicesima.

308 3285 522 3361 ‘Annuncia‚'
542 3287 648 3369 inquit
665 3288 838 3366 Dominus,
854 3285 998 3370 ‘populo
1014 3306 1089 3350 meo
1112 3285 1236 3349 scelera
1257 3288 1391 3362 eomm‚'
1413 3289 1471 3353 ie.
1493 3293 1657 3356 annuncia

309 3407 356 3472 eis
373 3427 432 3489 per
450 3407 636 3473 evidencias
657 3418 691 3475 et
711 3428 772 3490 per
791 3408 938 3472 raciones
961 3406 1050 3489 quod
1070 3416 1162 3470 actus
1180 3428 1293 3471 eorum
1308 3419 1385 3474 sunt
1398 3410 1478 3473 mali
1494 3422 1527 3476 et
1542 3425 1658 3477 contra

310 3527 375 3591 Dei
399 3528 581 3610 imperium,
597 3539 630 3593 et
653 3529 792 3593 ostende
807 3549 883 3611 quae
905 3527 1116 3593 includuntur
1137 3527 1170 3590 in
1193 3530 1337 3611 peccatis
1357 3552 1480 3610 eorum,
1495 3542 1530 3596 et
1551 3535 1658 3616 gravi·

308 3658 412 3713 tatem
434 3649 569 3730 peccati,
585 3650 726 3714 ostende
742 3646 817 3732 quae
833 3657 988 3714 secuntur
1003 3669 1047 3712 ex
1068 3659 1205 3730 peccato
1221 3651 1253 3713 in
1272 3650 1335 3715 hac
1349 3653 1426 3730 vita,
1441 3663 1476 3716 et
1491 3655 1523 3717 in
1539 3654 1658 3735 sutura,

309 3769 394 3832 sicut
410 3768 553 3834 Sanctus
569 3768 779 3852 Augustinus
796 3770 943 3834 ostendit
959 3770 991 3833 in
1008 3769 1230 3834 Encheridion
1248 3771 1341 3853 plura
1358 3783 1494 3855 peccata
1510 3774 1609 3840 fuisse
1624 3778 1658 3840 in

308 3900 446 3969 peccato
462 3889 573 3968 Adae;
596 3890 729 3966 scilicet,
746 3890 945 3972 superbiam,
961 3891 1037 3972 quia
1054 3890 1118 3953 Dei
1142 3891 1278 3973 imperio
1297 3914 1363 3956 non
1379 3895 1545 3975 obedivit3
1569 3897 1659 3976 item,

307 4008 432 4090 gulam,
448 4010 525 4091 quia
546 4011 589 4074 de
611 4011 701 4091 ligno
718 4012 823 4075 vetito
845 4012 1014 4089 comedit;
1037 4012 1126 4086 item,
1146 4011 1265 4076 salsum
1287 4014 1445 4096 savorem,
1460 4038 1519 4081 seu
1541 4016 1659 4082 falsam

310 4137 344 4191 et
360 4128 481 4191 malam
496 4130 708 4211 placenciam,
719 4131 775 4213 qui
791 4132 887 4194 uxori
902 4153 970 4195 suae
983 4132 1064 4197 Evae
1080 4133 1251 4214 displicere
1268 4156 1333 4198 non
1348 4136 1460 4216 voluit,
1470 4139 1528 4202 sed
1544 4150 1660 4204 contra

310 4247 375 4312 Dei
400 4251 592 4315 mandatum
613 4250 643 4315 ei
664 4250 788 4334 placuit
809 4252 1023 4331 comedendo,
1046 4263 1083 4317 ut
1107 4253 1179 4318 Eva
1197 4257 1364 4340 praecepit.
1410 4257 1466 4324 Sic
1486 4281 1576 4344 saepe
1599 4282 1660 4326 nos
