3818 4904
287 422 348 481 140
662 409 761 464 LOCI
786 410 815 461 E
843 409 967 462 LIBRO
1002 407 1260 462 VERITATILlI.

286 624 342 688 illa
369 647 489 707 magna
519 626 696 689 vexatione
728 624 872 702 mentali,
898 624 996 687 beata
1021 623 1163 704 Brigitta
1193 622 1255 685 sibi
1286 622 1318 684 in
1351 622 1487 686 mentali
1513 623 1639 685 visione

285 757 344 810 aut
373 749 483 828 specie
520 746 658 827 fulgenti
693 754 875 827 apparente
904 755 938 806 et
973 764 1048 808 cum
1077 743 1186 806 verbis
1219 742 1418 805 mentalibus
1455 764 1530 806 eum
1561 763 1640 806 con·

286 865 424 929 solante.
480 867 574 939 Item,
614 867 689 929 novi
728 877 805 929 tunc
842 864 986 928 Oxoniae
1023 864 1190 945 quendam
1229 864 1423 945 magistrum
1459 864 1639 927 Ricardum

287 985 430 1060 Tenant,
454 989 510 1067 qui
532 986 730 1050 horribiliter
753 998 786 1049 et
808 986 989 1067 saepissime
1012 993 1154 1047 vexatus
1177 993 1236 1061 est,
1257 1004 1429 1065 possessus
1451 1005 1471 1047 a
1494 984 1641 1065 maligno

287 1108 415 1188 spiritu,
437 1107 490 1169 vel
513 1128 533 1168 a
556 1107 708 1190 malignis
731 1107 906 1188 spiritibus
929 1106 1006 1186 quia
1029 1124 1160 1185 semper
1182 1104 1283 1187 longo
1305 1115 1455 1186 tempore
1478 1103 1642 1180 clamavit,

288 1228 382 1309 ‘Ego
406 1248 479 1289 sum
502 1229 722 1309 dampnatus!
757 1237 790 1290 et
816 1227 980 1289 sententia
1002 1235 1052 1289 est
1074 1226 1162 1302 data,
1186 1226 1246 1303 Ite,
1274 1226 1450 1299 maledicti,
1474 1227 1642 1307 inignem

289 1346 482 1411 aetemum!'
514 1347 654 1411 ‘Nullus
680 1358 731 1410 est
756 1347 846 1410 Deus
872 1348 933 1409 nisi
963 1346 1158 1427 dyabolusl'
1190 1357 1223 1410 et
1253 1345 1315 1410 hoc
1346 1346 1528 1427 saepissime
1554 1345 1643 1409 dixit

289 1467 421 1550 publice
441 1488 552 1530 coram
569 1468 724 1549 pluribus,
741 1478 773 1531 et
791 1488 843 1530 me
864 1468 994 1530 dicente
1015 1467 1085 1542 sibi,
1101 1467 1159 1529 ‘In
1176 1469 1308 1529 nomine
1327 1466 1406 1547 Jesu
1423 1466 1493 1541 Xti,
1515 1466 1642 1540 dicatis,

289 1587 370 1668 Jesu
394 1588 483 1650 Xtel
530 1588 623 1651 Deus
650 1599 683 1651 et
709 1586 828 1650 homo!
864 1589 1016 1650 miserere
1040 1586 1124 1649 mei’
1170 1587 1247 1666 Ipse
1270 1586 1368 1650 michi
1395 1607 1485 1668 saepe
1508 1607 1645 1668 respon·

291 1709 402 1780 debat,
426 1709 547 1782 dicenS,
572 1710 668 1771 ‘Non
698 1728 832 1790 possum
856 1708 919 1771 hoc
950 1709 1059 1771 dicere
1071 1707 1087 1784 ;’
1119 1716 1152 1771 et
1182 1716 1270 1783 tunc,
1301 1707 1418 1771 clausis
1442 1707 1536 1770 labiis
1565 1709 1650 1782 suis,¹

290 1828 441 1892 similiter
460 1829 573 1890 statim
590 1828 708 1891 iterum
723 1830 822 1892 verba
841 1829 998 1910 praedicta
1018 1828 1216 1890 horribiliter
1235 1827 1398 1903 clamavit,
1414 1829 1534 1904 dicenS,
1552 1812 1649 1910 ‘Ego⁴

292 1970 368 2012 sum
389 1950 598 2030 dampnatus,
622 1971 683 2032 ego
706 1971 779 2012 sum
803 1952 1011 2031 dampnatus,
1034 1970 1099 2011 non
1124 1958 1174 2012 est
1195 1949 1288 2011 Deus
1311 1950 1372 2011 nisi
1395 1946 1588 2031 dyabolusl'
1611 1932 1649 2014 et¹

293 2071 583 2133 circumstantibus
607 2073 743 2134 diversis
765 2071 962 2148 hominibus
989 2080 1022 2133 et
1050 2092 1093 2132 ex
1122 2069 1267 2133 motione
1294 2072 1389 2132 unius
1415 2071 1458 2133 ad
1486 2070 1646 2135 Sanctam

296 2190 472 2271 Brigittam
495 2211 650 2272 sponsam
675 2192 735 2254 Xti
758 2193 935 2268 orantibus,
958 2192 1135 2273 praedictus
1156 2191 1313 2271 magister
1336 2190 1497 2255 Ricardus
1514 2178 1649 2255 Tenant¹

184 2369 186 2377 .
295 2310 454 2374 liberatus
477 2310 539 2374 fuit
562 2313 606 2374 de
628 2314 781 2375 manibus
807 2314 1008 2386 daemonum,
1031 2320 1065 2374 et
1091 2310 1178 2373 dixit
1204 2331 1302 2392 saepe,
1324 2310 1373 2375 ‘O
1399 2311 1544 2375 Domine
1567 2312 1645 2393 Jesu

297 2430 388 2493 Xte!
413 2432 565 2495 miserere
582 2432 667 2495 mei'
711 2432 821 2515 ‘Ego’
843 2433 958 2513 inquit,
978 2431 1043 2494 ‘sui
1066 2430 1151 2494 male
1169 2441 1311 2494 vexatus
1325 2429 1344 2510 ;'
1365 2442 1400 2495 et
1419 2443 1536 2514 postea
1559 2454 1649 2515 saepe

297 2551 466 2615 osculatus
489 2564 539 2616 est
562 2555 753 2634 ymaginem
778 2554 838 2616 Xti
860 2553 939 2633 Jesu
963 2552 1110 2615 crucifixi
1135 2572 1194 2632 pro
1217 2553 1331 2629 nobis;
1355 2563 1388 2616 et
1411 2563 1527 2635 postea
1550 2574 1648 2636 saepe,

298 2693 353 2734 me
375 2673 539 2746 audiente,
560 2672 702 2736 ‘Sancta
723 2674 880 2754 Brigittal
904 2694 961 2735 ora
985 2694 1044 2754 pro
1068 2672 1163 2735 nobis
1176 2671 1197 2750 ;'
1219 2685 1252 2736 et
1275 2675 1415 2755 receptis
1437 2662 1653 2739 sacramentis

299 2791 445 2855 ecclesia:
470 2792 551 2855 insra
575 2793 713 2856 biduum
737 2805 813 2876 post
835 2815 930 2857 suam
952 2793 1180 2856 liberationem
1204 2804 1353 2857 mortuus
1375 2806 1434 2871 est,
1457 2797 1490 2858 in
1514 2797 1569 2859 die
1582 2796 1650 2858 Ve-

301 2914 396 2989 neris,
416 2922 449 2975 et
473 2915 505 2975 in
526 2913 636 2996 vigilia
661 2916 863 2979 Pentecostis
880 2914 1023 2978 Oxoniae
1047 2914 1194 2995 sepultus
1220 2915 1253 2976 in
1277 2915 1414 2977 ecclesia
1435 2916 1651 2980 sanctissimae

302 3033 418 3096 Mariae
441 3055 571 3115 semper
589 3037 742 3116 virginis;
765 3057 866 3118 quam
891 3036 1062 3099 historiam
1087 3036 1199 3117 scripsi
1226 3035 1323 3099 latius
1350 3037 1384 3098 in
1407 3038 1475 3100 vita
1502 3036 1651 3118 ejusdem

301 3154 435 3218 Sanctae
461 3154 619 3238 Brigittae,
642 3178 742 3238 quam
764 3160 867 3221 vitam
899 3178 961 3239 ego
991 3156 1144 3220 transtuli
1175 3157 1217 3219 de
1247 3156 1369 3219 Latino
1399 3157 1432 3219 in
1459 3156 1651 3238 Anglicum,

301 3275 467 3340 sororibus
489 3286 522 3339 et
541 3277 738 3341 monialibus
755 3279 797 3340 de
817 3279 932 3341 ordine
948 3277 1062 3341 Sancti
1079 3275 1262 3341 Salvatoris
1280 3278 1313 3339 in
1333 3278 1532 3341 monasterio
1549 3278 1653 3360 Syon,

302 3398 536 3461 Londiniensis
554 3399 734 3463 dioceseos
782 3400 866 3463 Haec
890 3420 968 3481 ergo
992 3398 1116 3476 mulier,
1137 3408 1252 3461 sancta
1274 3419 1396 3479 sponsa
1418 3399 1478 3463 Xti
1500 3399 1652 3484 Brigitta,

303 3541 459 3603 magnam
483 3520 559 3584 fecit
582 3521 807 3585 confusionem
831 3522 864 3583 in
888 3522 989 3584 domo
1011 3520 1166 3602 principis
1189 3519 1407 3584 tenebrarum.

391 3649 429 3716 [p.
446 3649 500 3718 89]
545 3649 707 3705 Mandata
728 3649 801 3704 Dei.
847 3642 956 3705 Nimis
983 3662 1024 3704 ne
1050 3641 1134 3703 alius
1160 3640 1232 3704 haec
1260 3662 1325 3703 non
1349 3642 1381 3702 in
1405 3642 1582 3705 distortum
1605 3644 1654 3706 in·

301 3771 409 3825 vertat
445 3763 552 3844 prima
585 3763 735 3827 custodia
767 3763 806 3825 fit
843 3763 1036 3840 imitatione,
1072 3771 1105 3826 2²
1131 3762 1322 3838 eruditione,
1357 3770 1392 3843 3⁸
1421 3762 1655 3844 disputationis

303 3882 503 3946 defensione.
560 3884 644 3949 Haec
672 3884 825 3947 dominus
855 3883 1094 3947 Lincolniensis
1128 3885 1245 3947 doctor
1274 3881 1442 3946 Robertus
1474 3882 1655 3961 Grosteste,

302 4004 360 4085 qui
380 4003 442 4066 fuit
465 4006 635 4086 quondam
657 4005 918 4087 archidyaconus
941 4005 1152 4086 Leycestriae‚
1174 4013 1207 4067 et
1230 4014 1346 4087 postea
1367 4006 1540 4087 episcopus
1563 4004 1656 4087 Lyn·

303 4123 485 4201 colniensis‚
505 4136 629 4189 sanctae
650 4128 826 4204 memoriae,
848 4137 882 4190 et
903 4126 1005 4189 habet
1028 4127 1100 4189 haec
1123 4127 1281 4208 praedicta
1305 4127 1337 4188 in
1362 4127 1574 4208 exposicione
1595 4147 1656 4189 sua

303 4246 435 4328 propria
457 4257 490 4310 et
512 4251 645 4330 propria
666 4269 765 4312 manu
789 4269 848 4313 sua
871 4249 992 4329 scripta
1019 4268 1117 4329 super
1140 4246 1344 4323 Psalterium,
1368 4268 1466 4330 super
1488 4246 1656 4312 Psalmum
