3818 4904
682 435 781 498 Locl
806 443 835 497 E
864 434 988 497 LIBRO
1024 435 1282 497 VERITATUM.
1602 444 1659 512 159

308 658 518 724 vulnerantes
543 659 693 741 graviter,
718 668 752 723 et
775 659 964 723 occidentes
986 668 1062 740 post
1088 659 1319 723 extraxionem
1344 656 1413 739 ejus
1437 664 1534 720 extra
1558 655 1661 719 eccle·

309 779 402 856 siam,
417 789 596 862 postquam
623 780 656 842 in
681 780 799 843 eadem
825 780 961 843 missam
983 778 1194 856 celebrasset,
1217 787 1251 842 et
1273 779 1382 860 ipsum
1405 777 1531 840 nudum
1554 775 1663 857 jacere

310 897 343 960 in
363 918 482 981 campo
505 898 652 963 lecerunt
675 908 751 981 post
770 899 968 963 occisionem
983 920 1094 977 suam3
1118 909 1152 963 et
1170 907 1247 981 post
1266 918 1389 981 paucos
1411 911 1516 960 annos
1536 897 1662 959 occisus

309 1015 371 1080 luit
398 1017 471 1080 dux
502 1017 724 1097 Somersetiae,
755 1018 964 1096 Edmundus,
996 1021 1029 1082 in
1058 1018 1137 1081 villa
1167 1017 1281 1082 Sancti
1314 1016 1450 1095 Albani,
1480 1025 1514 1080 et
1544 1023 1663 1097 praeter

309 1136 474 1201 intentum
493 1137 626 1221 plurimi
641 1139 699 1201 viri
720 1139 819 1202 occisi
839 1149 917 1203 tunc
938 1139 1070 1202 luerunt
1090 1138 1223 1216 ibidem,
1239 1157 1350 1202 comes
1371 1133 1663 1200 Northehumbriae

311 1264 346 1320 et
377 1256 483 1321 eciam
516 1258 671 1322 dominus
702 1260 745 1321 de
777 1256 923 1336 Clifford,
953 1259 1029 1323 duci
1056 1257 1268 1323 Somersetiae
1298 1256 1406 1321 occiso
1441 1257 1597 1331 faventes
1626 1263 1664 1316 ut

310 1376 492 1442 dicebatur.

398 1505 433 1572 [p.
450 1505 519 1572 172]
559 1496 662 1561 Anno
691 1497 829 1562 Domini
858 1497 936 1578 Jesu
968 1505 1039 1561 mmo
1061 1505 1154 1562 eec¹¹¹⁰
1176 1497 1421 1580 septuagesimo
1449 1505 1576 1572 octavo,
1602 1494 1663 1557 do·

311 1615 403 1678 mino
425 1636 513 1699 papa
530 1615 690 1700 Gregorio
709 1618 762 1700 xj⁰
783 1628 914 1682 mortuo
934 1619 966 1680 in
984 1618 1094 1681 Roma
1114 1619 1200 1681 circa
1220 1618 1366 1681 medium
1382 1613 1662 1698 Quadragesimae,

311 1735 495 1800 cardinales
528 1737 647 1801 Romae
683 1737 855 1820 elegerunt
884 1739 916 1801 in
947 1758 1070 1821 papam
1099 1737 1273 1802 Urbanum
1304 1747 1447 1811 sextum,
1479 1744 1512 1798 et
1547 1735 1580 1797 in
1609 1733 1664 1797 die

314 1854 427 1919 Pascae
457 1856 566 1940 ipsum
596 1859 629 1921 in
661 1878 784 1940 papam
814 1869 1077 1936 coronaverunt;
1113 1869 1148 1923 et
1178 1860 1244 1922 cito
1272 1868 1398 1941 postea,
1426 1854 1610 1920 cardinales
1643 1875 1665 1916 a

313 1962 424 2039 Roma
453 1978 636 2041 successive
663 1982 864 2055 recedentes,
892 1979 1087 2062 praedictum
1115 1980 1291 2043 Urbanum
1317 1987 1451 2041 sextum
1479 1997 1551 2041 esse
1577 1995 1666 2038 sum·

312 2117 406 2160 mum
427 2096 605 2179 praesulum
626 2110 839 2180 negaverunt.
884 2099 929 2163 Et
950 2099 1007 2163 illo
1023 2100 1162 2164 Urbano
1182 2110 1280 2164 sexto
1300 2100 1410 2177 citat0‚
1429 2108 1465 2161 ut
1482 2098 1537 2179 jus
1559 2116 1665 2170 suum,

312 2218 340 2282 si
363 2218 453 2300 quod
476 2218 622 2298 haberet,
636 2221 840 2295 defenderet,
859 2221 1158 2304 pronunciaverunt
1180 2221 1289 2304 ipsum
1309 2220 1483 2283 Urbanum
1506 2238 1572 2281 non
1595 2236 1667 2281 esse

311 2339 394 2421 Jesu
409 2339 471 2402 Xti
488 2339 646 2403 vicarium
665 2341 698 2404 in
720 2343 822 2421 terris,
843 2341 1002 2424 eligentes
1026 2343 1195 2424 quendam
1216 2341 1400 2404 Robertum
1422 2339 1666 2411 Gebenensem,

313 2470 392 2525 tunc
413 2460 514 2523 etiam
533 2461 743 2539 cardinalem,
759 2464 792 2526 in
817 2463 1002 2526 dominium
1025 2462 1254 2545 apostolicum,
1275 2462 1295 2524 i.
1308 2483 1336 2524 e.
1357 2462 1389 2523 in
1413 2479 1544 2543 papam,
1567 2478 1667 2540 quem

314 2590 350 2645 et
377 2579 586 2645 Clementem
612 2582 791 2663 septimum
818 2583 1081 2659 nominaverunt,
1105 2592 1140 2647 et
1166 2603 1242 2646 cum
1270 2603 1310 2646 eo
1335 2583 1368 2644 in
1392 2581 1594 2645 Avinionem
1616 2599 1667 2642 se·

314 2712 505 2779 cesserunt3
528 2713 563 2766 et
580 2703 737 2768 Urbanus
760 2705 816 2769 ille
839 2714 964 2783 sextus,
985 2724 1061 2769 cum
1082 2704 1210 2767 videret
1232 2724 1268 2766 se
1290 2703 1333 2765 ab
1352 2704 1497 2784 antiquis
1519 2704 1668 2766 cardina-

313 2824 402 2888 libus
424 2824 629 2899 derelictum,
653 2827 775 2889 creavit
802 2846 906 2889 novos
931 2825 1121 2903 cardinales,
1146 2834 1180 2888 et
1202 2825 1320 2887 Romae
1342 2824 1426 2889 obiit
1451 2844 1539 2888 anno
1566 2822 1668 2908 13893

316 2945 369 3009 cui
393 2944 551 3008 successit
574 2943 764 3009 Bonisacius
787 2947 855 3009 ix·:
888 2944 1054 3011 Clementi
1079 2944 1139 3027 vij⁰
1165 2947 1320 3009 successit
1347 2945 1464 3009 Petrus
1493 2946 1536 3009 de
1563 2945 1668 3020 Luna,

317 3065 374 3148 qui
405 3065 552 3148 seipsum
578 3065 759 3131 intitulavit
783 3066 866 3148 xiijm
897 3067 1124 3145 Benedictum,
1148 3067 1204 3148 qui
1234 3077 1358 3150 postea,
1381 3088 1441 3150 per
1470 3068 1670 3131 sententiam

317 3186 351 3249 in
367 3184 505 3250 concilio
522 3184 650 3261 Pisano,
666 3207 727 3268 pro
742 3187 885 3269 perjurio
901 3208 961 3250 suo
977 3187 1147 3270 depositus
1162 3187 1232 3251 suit.
1272 3188 1407 3253 Mortuo
1424 3188 1594 3252 Bonisacio
1610 3187 1669 3261 ix⁰‚

317 3305 501 3371 cardinales
521 3305 692 3387 elegerunt
712 3306 745 3368 in
768 3327 891 3389 papam
914 3306 1121 3372 Cosmatium
1145 3311 1288 3388 nomine,
1303 3330 1403 3391 quem
1426 3328 1548 3391 papam
1573 3309 1671 3371 Inno-

317 3435 448 3490 centem
470 3425 538 3508 vijm
559 3427 821 3509 appellaverunt.
868 3428 934 3492 Hic
956 3429 1050 3511 quasi
1073 3429 1207 3493 biennio
1230 3431 1377 3495 existens
1396 3432 1567 3495 Romanus
1589 3449 1672 3513 pon·

317 3547 412 3626 tifex,
439 3567 497 3611 seu
528 3567 625 3631 papa,
652 3547 774 3611 multos
805 3549 838 3610 in
864 3548 1046 3613 cardinales
1074 3550 1261 3633 assumpsit,
1288 3563 1322 3616 et
1352 3553 1385 3616 in
1413 3552 1493 3616 urbe
1518 3552 1673 3615 Romana

316 3671 422 3747 obiit;
447 3678 481 3732 et
507 3680 584 3752 post
608 3668 679 3751 ejus
707 3679 847 3733 mortem
874 3670 1056 3735 cardinales
1080 3671 1243 3753 eligerunt
1270 3675 1303 3735 in
1326 3694 1448 3756 papam
1476 3672 1672 3756 Gregorium

318 3792 563 3867 duodecimum,
585 3801 812 3874 tractatusque
838 3789 972 3857 habitus
995 3802 1047 3856 est
1072 3814 1131 3876 per
1155 3795 1291 3857 nuncios
1317 3794 1401 3859 inter
1426 3793 1518 3857 illum
1546 3793 1672 3877 Grego-

320 3915 404 3977 rium
420 3912 500 3995 xijm,
517 3922 552 3976 et
571 3923 773 3996 praetensum
794 3934 926 3997 papam,
944 3914 1078 3978 Petrum
1101 3916 1144 3979 de
1163 3915 1267 3994 Luna,
1284 3927 1438 3980 vocatum
1455 3915 1672 3980 Benedictum

320 4035 456 4099 tertium
485 4035 660 4114 decimum,
690 4036 750 4100 sed
781 4035 964 4099 remedium
994 4055 1060 4099 non
1086 4035 1148 4100 suit
1178 4036 1347 4119 adeptum,
1377 4037 1437 4101 sed
1463 4039 1567 4101 cisma
1595 4058 1672 4102 con·

316 4157 509 4234 tinuatum3
536 4165 615 4221 tunc
637 4156 828 4234 cardinales,
852 4157 896 4220 ab
919 4156 1112 4222 obediencia
1138 4159 1310 4240 utriusque
1340 4159 1442 4240 partis
1474 4160 1671 4234 recedentes,

314 4297 380 4361 per
400 4276 511 4342 literas
529 4298 606 4341 suas
626 4286 661 4342 et
684 4279 820 4343 nuncios
840 4277 1014 4343 concilium
1037 4279 1190 4361 generale
1213 4289 1246 4343 et
1268 4280 1450 4344 universale
1473 4300 1673 4346 convocave-
