3818 4904
308 402 369 447 120
682 390 782 445 Locl
807 391 836 443 E
864 390 989 444 LIBRO
1025 391 1285 449 VERITATUM.

306 629 393 685 cave,
409 628 450 671 ne
462 608 532 690 jam
553 608 644 671 dicas
666 606 700 670 in
721 607 820 671 corde
840 616 906 682 tuo,
924 609 1020 672 ‘Non
1044 629 1121 672 curo
1140 610 1231 690 quod
1252 630 1326 692 ag0‚
1344 611 1435 692 quod
1460 610 1557 674 michi
1579 610 1661 675 libet

306 729 434 805 faciam,
462 728 540 810 quia
566 726 722 791 facillime
747 738 781 791 et
807 727 966 791 citissime
991 727 1124 792 habebo
1150 731 1280 793 veniam
1310 731 1459 793 omnium
1487 730 1660 806 malorum,

304 851 384 932 quia
403 849 647 932 appropinquat
668 858 799 931 tempus
819 847 1037 931 indulgenciae
1058 870 1223 914 concessae
1240 872 1260 913 a
1275 871 1373 933 papa,
1389 851 1492 915 talem
1509 860 1542 914 et
1558 849 1660 915 talem

306 969 417 1033 locum
438 964 668 1033 visitantibus?
713 969 813 1051 Papae
837 969 925 1032 enim
949 968 1102 1033 solebant
1125 970 1275 1044 scribere,
1299 970 1353 1034 ‘Si
1376 970 1494 1052 aliquis
1516 972 1578 1034 sub
1601 993 1661 1054 spe

304 1090 410 1153 veniae
436 1088 600 1153 habendae
626 1108 685 1170 per
711 1088 937 1170 indulgencias
963 1110 982 1152 a
1010 1089 1106 1153 nobis
1132 1110 1306 1153 concessas
1333 1091 1526 1172 peccaverit,
1549 1092 1660 1173 quoad

305 1211 423 1292 ipsum,
450 1209 617 1273 concessio
644 1218 756 1272 nostra
783 1208 873 1272 irrita
898 1209 942 1272 sit
968 1219 1001 1272 et
1028 1206 1154 1273 inanis’
1210 1209 1295 1273 Haec
1325 1210 1484 1292 cogitatio
1510 1212 1599 1274 enim
1625 1221 1661 1275 et

305 1330 446 1394 audacia
469 1330 629 1412 peccandi
652 1329 714 1391 sub
737 1349 796 1411 spe
818 1329 923 1392 veniae
947 1339 998 1393 est
1020 1329 1181 1412 cogitacio
1203 1330 1315 1412 impia.

392 1459 427 1526 [p.
444 1458 512 1526 594]
554 1449 657 1513 Anno
680 1448 741 1512 Xti
763 1449 843 1529 Jesu
868 1456 939 1511 m¹¹¹o
961 1457 1073 1514 cccc¹¹¹o
1095 1451 1370 1532 quinquagesimo
1393 1452 1509 1532 prim0,
1531 1450 1661 1534 legatus

304 1571 339 1634 in
370 1571 528 1653 Ungariae
561 1590 708 1652 regnum,
741 1590 801 1652 per
832 1590 955 1652 papam
991 1569 1192 1634 Nicholaum
1222 1570 1385 1653 quintum,
1415 1570 1477 1635 suit
1506 1571 1661 1635 dominus

305 1690 487 1754 Nicholaus
517 1692 560 1754 de
590 1688 687 1769 Cusa,
714 1689 890 1753 cardinalis
919 1690 1007 1754 tituli
1039 1689 1154 1754 Sancti
1186 1691 1273 1754 Petri
1304 1691 1337 1754 in
1363 1689 1521 1769 Vinculis‚
1548 1700 1585 1756 ut
1615 1692 1661 1754 ibi

305 1811 442 1894 legatus,
458 1811 655 1875 auctoritate
673 1831 770 1894 papae
792 1811 903 1892 ipsius,
920 1812 1015 1875 daret
1033 1811 1276 1893 indulgenciam
1296 1831 1370 1893 quae
1391 1810 1532 1874 habetur
1550 1812 1662 1875 Roma

304 1933 338 1994 in
361 1951 449 1996 anno
470 1930 620 2012 jubeleo,
636 1930 771 1995 cuilibet
793 1950 944 2012 personae
966 1933 1000 1994 in
1023 1952 1125 2014 regno
1149 1931 1316 2012 Ungariae,
1339 1932 1395 2012 qui
1419 1932 1512 1995 daret
1536 1933 1661 1995 medie·

304 2061 410 2117 tatem
433 2052 581 2134 pecuniae
597 2071 697 2134 quam
718 2053 923 2133 expenderet
944 2051 1054 2115 eundo
1076 2052 1110 2114 in
1132 2052 1286 2128 Romam,
1304 2061 1338 2115 et
1357 2051 1414 2114 illa
1434 2053 1573 2134 pecunia
1593 2051 1661 2116 col·

304 2173 390 2237 lecta
410 2194 470 2255 per
493 2172 584 2234 illum
608 2171 818 2251 cardinalem,
838 2171 991 2235 dominus
1013 2172 1182 2253 Johannes
1206 2172 1356 2255 Hungat,
1377 2193 1489 2236 comes
1511 2172 1661 2255 Wyster·

304 2294 432 2372 elensis
446 2295 648 2376 gubernator
674 2293 760 2375 regis
783 2302 817 2356 et
839 2294 930 2375 regni
954 2294 1145 2377 Hungariae,
1161 2315 1236 2357 cum
1258 2294 1437 2357 baronibus
1459 2293 1546 2358 illius
1569 2294 1661 2377 regni

303 2415 453 2479 iecerunt
477 2417 567 2498 quod
596 2435 712 2479 omnes
742 2414 807 2477 illae
834 2415 984 2497 pecuniae
1010 2415 1160 2480 collectae
1188 2436 1247 2498 per
1276 2414 1369 2478 illum
1396 2415 1597 2479 cardinalem
1624 2425 1661 2478 ut

304 2546 452 2620 portaret
479 2538 599 2600 Romae
628 2546 799 2601 manerent
825 2537 858 2599 in
886 2532 1044 2619 Ungaria‚
1068 2539 1112 2600 ad
1136 2536 1380 2601 defendendum
1406 2547 1440 2600 et
1466 2537 1510 2599 ad
1537 2536 1661 2600 condu-

304 2660 447 2722 cendum
471 2659 614 2721 Xtianos
637 2666 752 2721 contra
774 2658 910 2733 Turcos,
934 2659 967 2721 in
990 2679 1131 2740 quorum
1154 2659 1275 2721 finibus
1299 2667 1332 2721 et
1356 2657 1453 2720 metis
1475 2657 1537 2739 ipsi
1561 2657 1661 2720 Turci

306 2788 451 2842 manent
495 2778 572 2860 Quo
591 2778 715 2852 audito,
732 2798 820 2860 papa
840 2770 1022 2841 Nicholaus
1043 2780 1179 2861 quintus
1201 2778 1513 2843 excommunicavit
1523 2779 1661 2861 praedic·

304 2908 378 2962 tum
400 2899 572 2962 dominum
596 2918 726 2962 comem
749 2898 791 2961 de
816 2898 955 2980 Hungat
979 2900 1013 2962 in
1037 2900 1221 2981 Hungaria,
1238 2910 1272 2963 et
1293 2900 1435 2962 barones
1455 2908 1489 2962 et
1511 2898 1661 2962 homines

305 3020 392 3083 illius
414 3021 516 3102 regni,
535 3020 591 3101 qui
612 3019 688 3083 huic
709 3019 798 3083 iacto
819 3021 1077 3099 consenciemnt‚
1097 3030 1132 3085 et
1153 3022 1224 3104 ipse
1247 3041 1358 3085 comes
1380 3028 1415 3084 et
1437 3020 1498 3102 ipsi
1521 3020 1662 3083 barones

304 3141 369 3205 hoc
384 3140 516 3223 cognito
531 3140 708 3204 dixerunt:
733 3141 784 3203 ‘N
786 3160 824 3203 os
839 3140 1046 3223 appellamus
1062 3163 1082 3204 a
1095 3136 1185 3224 Papa
1197 3139 1361 3206 Nicholao
1371 3140 1414 3203 ad
1427 3140 1533 3203 Xtum
1545 3140 1662 3221 Jesum

304 3281 365 3344 pro
391 3261 486 3342 cujus
515 3261 581 3325 fide
603 3261 814 3326 defendenda
838 3282 1007 3325 servamus
1030 3262 1095 3325 ista
1119 3263 1261 3343 pecunia
1286 3271 1402 3325 contra
1428 3261 1662 3342 imperatorem

304 3381 497 3461 'lurcorum
519 3381 576 3464 qui
599 3392 737 3446 conatur
759 3382 930 3446 destruere
953 3382 1179 3446 Xtianismum
1202 3381 1264 3445 sub
1286 3381 1384 3457 coelo,
1407 3379 1509 3445 etsie
1533 3379 1662 3463 Ungari

305 3524 383 3567 eum
404 3502 555 3567 vicerunt
578 3524 667 3567 anno
692 3502 752 3565 Xti
784 3501 877 3585 1456,
900 3502 934 3565 in
960 3502 1047 3567 festo
1073 3502 1207 3568 Sanctae
1235 3503 1350 3566 Mariae'
1373 3499 1595 3583 Magdalene3
1628 3509 1663 3565 et

303 3644 392 3688 anno
409 3624 547 3687 Domini
567 3635 645 3704 1451
664 3623 900 3687 ordinaverunt
915 3624 1006 3705 regni
1024 3624 1181 3707 Ungariae
1197 3624 1346 3702 barones,
1358 3623 1448 3705 quod
1464 3621 1573 3685 nullus
1589 3621 1662 3685 Un-

304 3746 414 3828 garius
433 3745 541 3808 exiret
558 3754 680 3809 terram
701 3765 796 3807 suam
817 3745 860 3808 ad
882 3741 1036 3822 Romam,
1052 3745 1113 3837 sub
1132 3765 1254 3826 magna
1274 3741 1395 3826 poena?
1439 3742 1517 3826 Quo
1537 3740 1662 3819 audito,

305 3865 488 3930 Nicholaus
510 3865 644 3949 quintus
672 3875 751 3930 tunc
777 3886 865 3948 papa
891 3866 1049 3941 existens,
1073 3865 1216 3929 absolvit
1241 3864 1315 3927 illos
1342 3863 1511 3946 Ungarios
1536 3863 1580 3926 de
1606 3861 1662 3927 illa

305 3987 456 4051 entencia
483 3986 839 4051 excommunicacionis
864 3986 932 4051 lata
957 4007 1016 4070 per
1046 3987 1155 4069 ipsum
1185 4005 1328 4068 papam3
1364 3991 1398 4048 et
1427 4004 1549 4067 magna
1572 3983 1662 4047 bona

305 4104 454 4172 fecerunt
484 4108 612 4191 Ungari
642 4129 718 4183 cum
751 4107 815 4171 illis
849 4108 995 4190 pecuniis
1025 4117 1141 4173 contra
1173 4106 1300 4171 Turcos
1332 4125 1490 4189 paganos,
1520 4124 1662 4187 quorum

266 4272 274 4316 :
302 4237 439 4317 pentum
461 4228 551 4293 milia
573 4240 608 4293 et
630 4229 869 4313 quinquaginta
891 4230 982 4294 milia
1002 4228 1132 4311 Ungari
1154 4228 1345 4293 occiderunt
1365 4247 1453 4290 anno
1475 4224 1535 4289 Xti
1557 4223 1641 4307 1456
1653 4246 1662 4305 ;
