3818 4904
696 447 793 511 roci
819 447 848 501 a
878 447 1001 502 trano
1037 447 1293 506 vanrrnrrnv.
1629 456 1667 524 77

322 661 419 727 tificis
446 672 478 728 et
504 664 600 727 bonis
627 666 702 727 viris
729 676 864 746 quaerat,
889 685 963 747 quae
991 686 1091 748 opera
1118 674 1151 730 et
1178 688 1261 749 quos
1287 677 1380 730 actus
1407 666 1512 730 bonos
1539 676 1670 731 tenetur

322 782 429 846 iacere
453 805 496 848 ex
519 783 643 865 judicio
667 786 785 857 divin0‚
810 787 959 867 quamvis
984 786 1092 848 nullus
1118 788 1270 851 sacerdos
1296 788 1328 849 in
1354 787 1448 850 terris
1472 786 1545 850 illos
1575 797 1670 851 actus

321 904 384 966 sibi
415 905 564 988 imponat
594 925 653 968 nec
683 905 842 988 injungat.
896 904 972 969 Non
999 905 1105 969 solum
1134 908 1220 969 enim
1251 908 1292 970 ad
1324 908 1558 991 poenitenciam
1584 907 1669 970 arbi·

322 1024 455 1087 trariam
483 1027 691 1090 attenderent
718 1027 925 1107 poenitentes,
952 1025 1084 1101 scilicet,
1108 1028 1151 1090 ad
1175 1027 1265 1090 illam
1288 1049 1387 1109 quam
1412 1029 1564 1091 sacerdos
1586 1047 1670 1109 prae-

321 1145 401 1226 cipit
425 1155 459 1208 et
484 1145 623 1228 injungit
647 1167 692 1208 ex
719 1166 778 1209 suo
802 1145 946 1222 arbitrio,
968 1147 1010 1209 ad
1037 1165 1137 1228 quam
1163 1148 1327 1228 poenitens
1354 1168 1419 1210 non
1446 1157 1584 1226 tenetur,
1608 1148 1669 1210 nisi

322 1267 474 1329 'sacerdos
512 1267 540 1329 ei
578 1266 663 1330 hanc
700 1265 883 1349 injungeret
920 1275 954 1329 et
992 1269 1181 1348 imponeret,
1220 1268 1276 1331 sed
1316 1269 1480 1351 praecipue
1515 1270 1670 1332 attendat

322 1387 486 1468 poenitens
514 1388 557 1450 ad
588 1408 627 1450 ea
657 1408 731 1468 quae
762 1388 910 1468 praecipit
936 1386 1099 1450 Dominus
1129 1388 1161 1450 in
1189 1387 1312 1451 lumine
1342 1388 1526 1452 intellectus
1550 1388 1604 1452 vel
1637 1389 1669 1450 in

319 1526 413 1570 sacra
444 1507 612 1588 scriptura,
636 1518 669 1569 et
699 1508 787 1570 dicat
816 1526 894 1569 vero
921 1506 1097 1570 confessori
1127 1517 1162 1570 et
1179 1509 1329 1571 discreto
1356 1508 1435 1571 illud
1464 1509 1552 1589 quod
1582 1507 1669 1571 dixit

322 1647 405 1689 unus
427 1625 576 1689 Actuum
607 1638 705 1690 sexto
732 1627 883 1690 decimo:
922 1627 1106 1690 ‘Dominel
1140 1629 1219 1709 quid
1250 1647 1304 1691 me
1337 1637 1468 1710 oportet
1497 1627 1602 1691 lacere
1633 1636 1669 1691 ut

319 1744 430 1808 salvus
454 1744 570 1808 fiam?’
616 1744 701 1809 Cum
726 1747 813 1809 enim
837 1745 937 1809 homo
959 1746 1128 1828 obligatur¹
1149 1748 1209 1810 sub
1232 1748 1339 1829 poenis
1363 1748 1404 1811 ad
1429 1748 1586 1810 mandata
1608 1747 1669 1809 im·

321 1866 444 1948 plenda
471 1866 650 1943 hominum,
678 1876 802 1948 quanto
828 1867 933 1948 magis
957 1866 1122 1949 obligatur
1150 1868 1211 1930 sub
1238 1868 1345 1949 poenis
1370 1868 1413 1931 ad
1441 1875 1607 1949 praecepta
1634 1876 1669 1931 et

317 1986 442 2069 judicia
470 1988 542 2062 Dei,
567 1988 698 2065 scilicet,
725 1987 816 2050 odire
843 1986 1002 2050 offensam
1031 1986 1103 2064 Dei,
1127 1995 1160 2050 et
1185 1987 1258 2050 Deo
1281 1985 1397 2050 offerre
1427 2007 1502 2069 quae
1532 1987 1670 2050 abstulit

320 2128 341 2170 a
364 2107 448 2183 Deo,
476 2127 520 2172 sc.
543 2107 711 2181 honorem,
737 2117 770 2170 et
792 2127 948 2184 amorem,
971 2116 1004 2170 et
1027 2108 1163 2184 animas,
1186 2107 1295 2184 verb0,
1317 2107 1413 2184 iactu,
1435 2107 1486 2170 vel
1512 2108 1669 2190 exemplo

320 2226 419 2302 bon0‚
439 2226 586 2290 Domino
609 2228 788 2309 adquirere,
811 2248 893 2308 quas
915 2228 1004 2309 prius
1027 2226 1137 2304 verbo,
1159 2227 1210 2290 vel
1232 2227 1329 2304 fact0,
1351 2226 1404 2290 vel
1426 2228 1514 2291 bono
1536 2229 1667 2302 omisso,

318 2347 372 2411 vel
395 2345 524 2411 deiectu
548 2369 617 2422 suo,
633 2369 653 2410 a
674 2348 748 2411 Deo
769 2346 964 2425 retrahebat,
980 2356 1014 2410 et
1034 2346 1243 2410 avirtutibus
1266 2348 1308 2409 ad
1330 2347 1422 2410 vicia.
1467 2346 1512 2410 Et
1533 2348 1559 2409 si
1581 2347 1669 2410 mala

320 2467 492 2545 eleccione,
522 2467 574 2531 vel
610 2467 787 2531 collacione
816 2466 975 2546 beneficii,
1008 2467 1061 2531 vel
1098 2467 1252 2543 ecclesia,
1282 2466 1333 2529 vel
1371 2467 1476 2544 officii,
1505 2466 1557 2529 vel
1593 2488 1669 2549 pro-

319 2590 500 2667 curacione,
522 2590 667 2672 aliquem
694 2588 874 2652 inhabilem
901 2610 957 2652 seu
980 2589 1136 2653 viciosum
1160 2589 1193 2651 in
1217 2588 1374 2671 regimine
1396 2587 1567 2652 hominurn
1590 2589 1669 2671 poni

319 2710 527 2788 consenserit,
554 2710 642 2773 unde
668 2718 702 2772 et
732 2729 790 2791 per
816 2729 915 2791 quem
944 2709 1031 2772 mala
1061 2709 1266 2791 proveniunt,
1292 2718 1325 2772 et
1355 2709 1443 2773 bona
1472 2719 1505 2773 et
1531 2709 1669 2773 virtutes

318 2839 468 2915 pereunt,
487 2839 520 2894 et
542 2830 630 2893 mala
650 2829 762 2893 debite
784 2849 849 2892 non
869 2831 1089 2905 destruuntur,
1109 2839 1187 2894 tunc
1208 2829 1283 2893 talis
1303 2839 1434 2892 tenetur
1452 2830 1495 2892 ad
1517 2829 1668 2911 plurima,

317 2962 357 3016 ut
382 2962 479 3015 nocte
505 2961 539 3014 et
567 2951 621 3014 die
647 2949 775 3014 laboret
802 2970 861 3032 per
886 2971 922 3013 se
946 2959 978 3013 et
1005 2969 1064 3031 per
1093 2949 1174 3013 alios
1200 2966 1259 3032 pro
1285 2949 1399 3014 talium
1423 2948 1667 3025 resormacione‚

319 3074 403 3137 sicut
429 3071 571 3137 Sanctus
598 3071 719 3134 Paulus
748 3091 922 3135 conversus
947 3092 966 3135 a
993 3071 1136 3151 peccatis
1166 3090 1240 3151 quae
1267 3071 1453 3152 ignoranter
1478 3069 1555 3134 lecit
1587 3092 1668 3134 mox

319 3193 566 3278 evangelizavit,
592 3202 625 3256 et
657 3193 778 3270 docuit,
805 3201 839 3255 et
868 3191 1067 3255 defendebat
1098 3190 1197 3254 fidem
1228 3199 1262 3253 et
1291 3191 1454 3269 virtutem,
1479 3211 1579 3273 quam
1609 3192 1668 3255 ali·

318 3317 454 3398 quando
478 3316 695 3397 expugnabat
723 3323 757 3377 et
783 3313 925 3391 odiebat,
950 3322 986 3375 ut
1012 3320 1105 3394 patet
1130 3313 1172 3375 ad
1197 3311 1379 3390 Galathas;
1410 3333 1475 3376 non
1503 3324 1554 3376 est
1580 3316 1667 3376 enim

319 3437 415 3501 facile
438 3436 623 3518 exprimere
641 3436 684 3498 ad
704 3454 803 3517 quem
820 3443 853 3497 et
871 3435 913 3497 ad
936 3443 1017 3515 quot
1033 3442 1170 3510 tenetur,
1188 3435 1244 3515 qui
1267 3433 1399 3510 malum,
1415 3433 1466 3496 vel
1488 3433 1667 3497 inhabilem

319 3559 521 3640 episcopum,
547 3557 599 3620 vel
630 3558 797 3634 abbatem,
823 3555 875 3619 vel
905 3555 1049 3637 aliquem
1081 3563 1240 3618 rectorem
1270 3554 1392 3636 populi,
1418 3554 1503 3618 male
1534 3554 1668 3631 inducit,

319 3679 371 3744 vel
402 3690 583 3763 promovet,
613 3678 664 3743 vel
695 3680 727 3741 in
758 3699 818 3741 suo
848 3676 955 3741 officio
987 3675 1083 3750 lavet,
1115 3676 1166 3738 vel
1202 3677 1320 3739 retinet
1350 3675 1437 3737 malo
1474 3694 1586 3737 amore
1615 3674 1669 3737 vel

320 3800 409 3864 malo
439 3800 559 3878 favore,
588 3799 641 3863 vel
671 3820 731 3882 pro
762 3798 850 3862 malo
880 3799 1005 3875 timore,
1033 3807 1069 3860 ut
1099 3797 1244 3860 ostendit
1273 3796 1390 3858 doctor
1412 3793 1596 3857 Willelmus
1626 3795 1669 3857 de

318 3919 488 3999 Alverina,
524 3921 697 4002 episcopus
737 3917 935 3994 Parisiensis,
972 3936 1072 3998 opere
1110 3937 1169 3978 suo
1210 3915 1310 3978 nobili
1349 3923 1383 3977 et
1424 3914 1588 3977 fructuoso
1625 3915 1668 3977 de

320 4043 543 4118 sacramentis,
568 4040 714 4123 capitulo
740 4041 783 4103 de
808 4037 1055 4116 satisfaccione;
1082 4038 1158 4119 quia
1184 4037 1366 4101 satisfaccio
1393 4055 1457 4098 non
1484 4045 1535 4098 est
1561 4034 1668 4097 solum

319 4163 471 4228 iacienda
501 4164 544 4226 de
574 4183 608 4226 re
637 4161 811 4244 temporali
842 4160 962 4236 ablata,
988 4159 1046 4222 sed
1078 4158 1119 4221 de
1150 4157 1238 4221 bono
1269 4167 1395 4221 naturae
1426 4166 1460 4220 et
1485 4157 1604 4239 graciae
1635 4165 1669 4220 et

319 4285 433 4369 gloriae
456 4285 590 4363 ablat03
614 4285 702 4348 unde
726 4284 833 4366 primo
859 4283 990 4365 Regum
1018 4290 1125 4360 sext0,
1145 4279 1265 4362 ‘Quod
1291 4278 1419 4344 debetis
1444 4279 1570 4342 reddite
1595 4279 1669 4342 Deo
