3818 4904
636 428 736 483 LOCI
760 429 791 481 E
819 429 944 483 LIBRO
978 430 1237 485 VERITATUM.
1549 427 1612 490 219

262 652 295 706 et
319 643 408 706 idem
435 665 495 708 rex
521 646 608 709 dixit
638 667 673 709 se
703 645 867 710 iacturum
893 646 1069 730 collegium
1100 645 1332 727 theologorum
1362 651 1396 707 et
1424 638 1613 703 artistarum

262 763 295 826 in
326 774 434 828 castro
461 765 614 839 Oxoniae,
646 775 680 830 et
710 774 885 831 annectere
912 768 959 831 eis
989 788 1105 832 omnes
1135 768 1297 850 prioratus
1323 765 1357 827 in
1384 759 1509 843 Anglia
1538 778 1614 841 quae

261 884 470 966 pertinebant
492 884 684 968 alienigenis
708 896 804 950 extra
827 908 986 970 regnum,
1013 897 1047 951 et
1068 888 1133 951 hoc
1155 886 1259 950 voluit
1282 906 1326 948 ex
1349 856 1485 947 licencia
1506 901 1613 964 papae,

262 1004 321 1068 sed
343 1015 450 1070 morte
472 1016 661 1089 praeventus
684 1018 753 1072 est:
778 1017 812 1072 et
836 1007 922 1071 filius
945 1029 1032 1085 suus,
1053 1007 1217 1072 Henricus
1234 1005 1369 1083 Sextus,
1390 1004 1424 1068 in
1441 1003 1616 1085 juventute

261 1145 321 1188 sua
343 1125 437 1190 dedit
455 1127 562 1191 dictos
581 1129 744 1210 prioratus
765 1127 905 1211 collegio
920 1129 963 1192 de
980 1128 1070 1193 Eton
1090 1127 1189 1211 juxta
1205 1128 1401 1192 Windesore
1420 1135 1454 1190 et
1475 1125 1615 1207 collegio

263 1246 378 1312 Sancti
401 1247 553 1312 Nicholai
577 1249 610 1311 in
634 1246 848 1331 Cantibrigia.

349 1376 389 1444 [p.
404 1376 474 1444 604]
517 1377 681 1444 Regnum.
734 1369 812 1432 Rex
838 1368 983 1451 Angliae,
1014 1368 1178 1434 Henricus
1202 1368 1336 1447 Sextus,
1362 1389 1382 1431 a
1409 1366 1616 1451 possessione

263 1487 485 1563 Normanniae,
510 1500 543 1554 et
560 1489 779 1572 Andagaviae,
798 1500 833 1555 et
857 1488 1104 1568 Cenomanniae,
1126 1498 1159 1554 et
1174 1489 1349 1554 Vasconiae
1373 1488 1505 1553 recessit
1527 1507 1615 1551 anno

262 1609 399 1673 Domini
413 1621 506 1689 1450,
522 1619 555 1674 et
571 1611 636 1675 ista
654 1611 835 1688 occasione,
846 1600 887 1675 ut
905 1609 1169 1675 dicitur:—Dux
1186 1609 1412 1685 Suthsolchiae‚
1428 1607 1616 1672 Willelmus

263 1729 353 1804 Pule,
370 1732 503 1794 nomine
520 1732 744 1813 procuratorio
764 1731 914 1815 ejusdem
931 1731 1016 1814 regis
1032 1730 1175 1813 Angliae,
1194 1731 1406 1814 desponsavit
1427 1731 1461 1792 in
1477 1729 1616 1793 Francia

262 1851 497 1934 Margaretam,
526 1852 629 1916 filiam
659 1854 815 1937 praetensi
838 1853 923 1936 regis
948 1851 1090 1930 Ceciliae,
1115 1852 1248 1917 nomine
1279 1852 1503 1936 procuratorio
1530 1850 1616 1933 regis

260 1971 397 2055 Angliae
419 1973 555 2037 Henrici
574 1973 680 2053 Sexti,
705 1982 784 2038 ωηο
809 1975 842 2037 ἰη
863 1972 989 2057 Anglia
1012 1975 1207 2052 existentis;
1231 1985 1265 2040 et
1288 1996 1361 2039 earn
1388 1983 1466 2038 ωηο
1491 1972 1616 2036 dimisit

261 2094 295 2157 in
319 2094 466 2172 Francia,
490 2103 524 2159 et
551 2095 682 2160 rediens
704 2096 736 2158 in
759 2095 931 2179 Angliam,
954 2103 987 2159 et
1015 2094 1128 2159 multis
1155 2096 1312 2178 expensis
1337 2093 1469 2177 paratis,
1496 2094 1615 2157 iterum

261 2214 359 2279 rediit
377 2215 409 2277 in
427 2216 611 2292 Franciam,
627 2226 664 2280 ut
685 2216 822 2281 duceret
845 2217 934 2299 prius
957 2217 1195 2300 desponsatam
1218 2217 1366 2299 reginam
1389 2217 1421 2280 in
1439 2213 1616 2298 Angliam;

261 2345 295 2399 et
318 2344 397 2400 tunc
420 2335 482 2401 fuit
506 2337 539 2400 in
564 2338 702 2402 Francia
727 2359 787 2421 per
812 2339 927 2401 decem
950 2345 984 2402 et
1006 2348 1135 2421 septem
1158 2337 1370 2420 septimanas,
1390 2336 1537 2401 nesciens
1559 2335 1616 2400 ubi

261 2458 419 2539 praedicta
443 2458 633 2541 Margareta
655 2459 724 2538 fuit,
743 2480 803 2523 nec
829 2459 884 2523 ubi
908 2459 1065 2537 condita3
1093 2468 1126 2523 et
1151 2468 1230 2522 tunc
1250 2458 1321 2522 dux
1348 2457 1534 2541 praedictus,
1558 2458 1615 2539 qui

260 2577 444 2642 inconsulte
471 2579 641 2643 dimiserat
668 2578 758 2643 illam
785 2580 875 2662 prius
905 2579 990 2644 intra
1017 2580 1170 2657 Francos,
1194 2580 1309 2643 videns
1336 2599 1372 2642 se
1398 2578 1506 2662 ipsum
1533 2579 1616 2642 dura

261 2722 305 2764 ex
331 2698 497 2763 verisimili
523 2720 706 2781 passurum,
730 2700 757 2762 si
786 2700 857 2764 sine
885 2699 941 2763 illa
967 2701 1000 2763 in
1022 2700 1182 2784 Angliam
1208 2701 1337 2774 rediret,
1362 2721 1400 2763 eo
1427 2700 1517 2782 quod
1544 2698 1615 2764 sine

261 2820 399 2884 concilio
419 2821 510 2902 regni
532 2820 666 2902 Angliae
690 2821 751 2884 hoc
774 2821 1021 2885 matrimonium
1041 2820 1167 2886 sactum
1188 2821 1259 2898 fuit,
1277 2821 1445 2884 consensis
1465 2820 1560 2895 votis,
1580 2831 1615 2885 et

260 2941 432 3006 desideriis
469 2941 556 3022 regis
593 2949 671 3005 tunc
703 2941 859 3017 Franciae,
892 2952 935 3018 et,
961 2951 996 3004 ut
1027 2941 1154 3014 dicitur,
1186 2941 1374 3024 manucepit
1407 2940 1515 3006 eidem
1546 2942 1614 3025 regi

261 3063 418 3139 Franciae,
442 3064 530 3145 quod
563 3083 623 3126 rex
645 3063 780 3145 Angliae
810 3063 896 3128 votis
926 3065 1012 3145 regis
1039 3062 1187 3126 Franciae
1213 3061 1413 3126 consentiret
1439 3061 1495 3141 sic,
1523 3063 1614 3145 quod

260 3186 419 3266 praedicta
437 3185 627 3268 Margareta
654 3186 805 3249 manibus
827 3193 861 3248 et
887 3184 1045 3268 potestati
1072 3184 1220 3266 praedicti
1244 3183 1336 3248 ducis
1350 3183 1508 3247 Willelmi
1533 3183 1615 3248 Pule

260 3305 504 3383 deliberaretur,
528 3315 565 3370 ut
593 3326 667 3369 eam
695 3306 830 3370 duceret
858 3307 891 3368 in
919 3304 1100 3387 Angliam;
1129 3314 1162 3368 et
1188 3305 1235 3367 sic
1261 3305 1350 3369 facta
1374 3315 1425 3368 est
1453 3304 1614 3368 alienacio

261 3426 476 3489 Normanniae
507 3435 541 3490 et
573 3425 807 3508 praedictorum
840 3435 1000 3490 terrarum
1029 3424 1099 3489 sine
1130 3425 1318 3490 resistencia
1348 3424 1546 3508 Anglorum,
1580 3434 1614 3489 et

260 3548 332 3609 sine
358 3547 483 3611 tributo
508 3547 642 3611 annuali
667 3547 826 3611 solvendo
854 3546 998 3629 Angliae,
1025 3557 1059 3611 et
1083 3548 1154 3610 sine
1180 3547 1291 3629 aliqua
1317 3566 1398 3628 pace
1424 3541 1512 3609 finali
1538 3565 1614 3609 con-

260 3667 351 3732 clusa
377 3689 434 3731 seu
459 3689 615 3732 concessa
641 3679 721 3732 tunc
746 3670 831 3732 inter
856 3667 913 3732 illa
936 3668 1005 3732 duo
1032 3689 1141 3750 regna.
1191 3666 1222 3732 Ο
1248 3668 1275 3730 si
1300 3668 1374 3731 finis
1400 3667 1511 3750 magni
1535 3666 1614 3731 mali

261 3789 419 3871 praeteriti
447 3798 535 3852 esset
560 3810 628 3872 pax
653 3789 728 3852 Deo
752 3788 888 3872 placens
913 3789 998 3852 inter
1022 3788 1086 3853 ista
1111 3808 1212 3871 regna
1236 3786 1370 3871 Angliae
1397 3796 1430 3852 et
1455 3788 1613 3861 Franciae,

260 3928 361 3989 quam
388 3907 523 3992 Anglici
547 3920 726 3992 potuerunt
752 3919 850 3974 antea
878 3909 1033 3973 habuisse
1064 3930 1138 3973 cum
1170 3928 1291 3991 magna
1321 3929 1452 3972 summa
1481 3907 1615 3972 annuali

261 4030 431 4093 annuatim
459 4029 611 4113 Anglicis
642 4032 820 4107 reddenda,
846 4031 874 4095 si
900 4051 985 4094 unus
1014 4032 1086 4095 dux
1112 4030 1248 4112 Angliae
1279 4041 1313 4096 et
1343 4030 1517 4112 episcopus
1548 4049 1615 4094 non

261 4151 553 4227 contradixissent,
577 4154 711 4235 quando
733 4153 910 4217 concilium
933 4151 1103 4234 utriusque
1124 4153 1227 4235 partis
1249 4151 1310 4216 fuit
1332 4151 1420 4234 apud
1443 4149 1532 4216 aras!

349 4282 382 4349 [p.
399 4281 471 4348 605.]
515 4273 677 4357 Praecepit
694 4276 866 4353 Dominus,
883 4274 1021 4339 Numeri
1039 4274 1080 4357 36
1100 4281 1172 4353 ca⁰.,
1190 4274 1280 4356 quod
1301 4294 1416 4338 omnes
1436 4273 1495 4338 viri
1516 4274 1615 4339 duce·

897 4377 949 4441 rs
964 4395 981 4441 2
