3818 4904
652 427 783 482 NOTAE
808 428 835 482 Τ
834 427 972 482 HOMAE
996 427 1244 481 GASCOIGNE.
1560 435 1619 502 231

274 642 411 706 concilio
439 641 500 704 sibi
525 641 717 715 necessario,
743 640 953 705 excludendo
978 661 998 703 a
1025 660 1102 724 rege
1132 639 1331 704 consiliarios
1357 638 1560 722 alienigenos
1589 649 1623 703 et

274 761 475 826 consiliarios
498 760 644 843 cupidos,
670 761 727 842 qui
750 762 887 844 cupiunt
910 782 949 826 ea
971 762 1080 826 dicere
1103 769 1137 825 et
1159 760 1265 825 facere
1288 781 1362 843 quae
1387 761 1456 844 regi
1478 761 1622 843 placent,

274 893 312 947 ut
333 883 466 966 ipsimet
489 882 645 945 ditentur.

361 1001 405 1066 6⁵.
451 1003 547 1080 Item,
576 1002 666 1083 quod
697 1002 908 1065 vicecomites
943 1003 977 1065 in
1012 1023 1210 1085 unoquoque
1239 1003 1397 1066 comitatu
1433 1001 1535 1066 libere
1565 1002 1623 1067 eli-

273 1134 403 1207 gantur,
427 1123 553 1204 absque
575 1122 769 1186 cohercione
791 1122 917 1186 domini
939 1123 1034 1204 regis,
1057 1143 1115 1187 seu
1138 1123 1309 1187 baronum.

363 1252 404 1324 7⁵.
450 1244 545 1319 Item,
577 1243 666 1325 quod
697 1242 846 1317 barones,
872 1242 1008 1322 nobiles,
1039 1254 1073 1308 et
1102 1243 1253 1326 populus,
1280 1244 1313 1306 in
1340 1244 1444 1308 causis
1474 1244 1563 1327 ipsos
1589 1253 1623 1309 et

274 1385 413 1448 regnum
437 1363 718 1439 concernentibus
743 1363 888 1427 habeant
911 1364 946 1427 in
969 1366 1036 1427 suis
1062 1364 1205 1429 consiliis
1232 1365 1266 1427 in
1290 1366 1516 1448 parliamentis
1542 1365 1623 1431 libe·

274 1506 345 1550 ram
367 1485 560 1549 facultatem
582 1485 625 1548 ad
648 1484 826 1547 dicendum
847 1493 926 1548 vota
949 1505 1017 1548 sua.

614 1755 759 1822 NOTAE
782 1755 971 1821 THOMAE
995 1756 1283 1824 GASCOIGNE.

646 1945 675 2008 E
700 1943 775 2008 MS.
798 1943 936 2008 Auctar.
960 1945 992 2008 D
1016 1946 1058 2009 iv.
1075 1958 1105 2026 5.
1129 1968 1161 2029 p.
1182 1965 1252 2024 104.

865 2099 947 2180 1ffc
979 2125 1035 2180 ιη’.

363 2286 457 2353 Heu!
483 2284 564 2352 heu!
591 2286 674 2350 heu!
721 2286 866 2350 Domine
893 2285 1005 2351 Deusl
1038 2288 1188 2352 desolata
1218 2299 1268 2354 est
1297 2289 1432 2354 domina
1460 2289 1622 2372 gencium,

274 2413 294 2475 i.
310 2432 337 2475 e.
362 2409 508 2484 ecclesia,
533 2429 607 2490 quae
630 2407 710 2470 olim
732 2406 794 2471 suit
817 2408 953 2471 domina
978 2409 1141 2491 gencium,
1166 2410 1299 2491 quando
1322 2410 1555 2474 dominabatur
1575 2411 1623 2474 vi-

274 2532 333 2595 ciis
362 2551 421 2614 per
448 2531 608 2594 virtutum
638 2527 878 2609 operacionem,
909 2549 968 2611 per
997 2528 1227 2593 miraculorum
1257 2532 1346 2613 prius
1375 2531 1623 2612 inexpertorum

275 2652 589 2727 manifestacionem,
619 2658 653 2712 et
682 2669 742 2731 per
771 2649 921 2712 scienciae
951 2652 1287 2716 communicacionem
1318 2662 1352 2716 et
1381 2651 1622 2716 ostensionemi

276 2774 374 2836 Heul
404 2772 474 2854 jam
502 2779 648 2833 mutatur
678 2768 768 2833 color
798 2768 953 2851 optimus,
984 2771 1062 2853 quia
1092 2771 1264 2854 plumbum
1291 2792 1351 2854 pro
1377 2793 1466 2850 auro,
1500 2782 1534 2836 et
1563 2792 1623 2854 pro

272 2894 422 2979 patribus
452 2894 574 2956 sanctis
607 2891 770 2974 prioribus
803 2892 872 2954 nati
904 2903 982 2956 sunt
1014 2892 1074 2956 tibi
1106 2893 1251 2957 ecclesiae
1285 2893 1351 2973 filii,
1380 2894 1471 2972 latui,
1501 2893 1623 2971 viciosi,

275 3016 433 3080 mundani
463 3011 538 3077 filii!
593 3011 797 3095 Exemplum
827 3033 929 3075 unum
960 3014 1046 3076 inter
1074 3013 1169 3095 plura
1198 3015 1345 3078 existens
1372 3014 1442 3097 jam
1472 3036 1560 3098 pono
1590 3026 1623 3079 et

274 3136 391 3201 scribo.
437 3136 477 3198 In
503 3134 619 3199 diebus
646 3133 737 3212 meis,
763 3153 851 3197 anno
878 3132 1014 3197 Domini
1045 3132 1155 3216 1443¹‚
1181 3134 1306 3199 electus
1335 3135 1406 3215 fuit,
1431 3135 1485 3199 vel
1515 3134 1622 3199 verius

274 3257 426 3334 intrusus,
454 3276 538 3319 unus
563 3253 829 3337 archiepiscopus
854 3253 910 3335 qui
936 3254 998 3318 suit
1019 3254 1151 3336 genitus
1178 3275 1221 3318 ex
1249 3256 1424 3320 manifesto
1450 3255 1622 3333 adulteri0,

274 3387 309 3442 et
335 3377 483 3441 existens
506 3375 621 3459 genuit
643 3374 727 3439 filios
750 3381 784 3437 et
806 3373 890 3439 filias
919 3395 963 3438 ex
989 3395 1055 3438 una
1082 3376 1225 3454 moniali,
1253 3376 1286 3438 in
1313 3375 1491 3459 episcopali
1516 3375 1621 3459 gradu

275 3496 617 3579 existens-antequam
634 3495 695 3558 suit
710 3494 985 3578 archiepiscopus,
1001 3505 1162 3560 ettamen
1178 3496 1367 3562 nominatus
1382 3497 1452 3575 suit,
1468 3495 1623 3560 ‘Electus

274 3639 334 3702 per
361 3616 520 3700 Spiritum
549 3615 686 3680 Sacrum
699 3613 717 3693 ;’
747 3614 825 3679 licet
850 3636 938 3699 papa
964 3616 1059 3695 dixit,
1086 3638 1152 3681 non
1177 3617 1317 3682 libenter
1346 3617 1469 3683 electus
1498 3627 1557 3694 est,
1588 3626 1623 3681 et

273 3748 386 3804 tamen
410 3759 498 3820 papa
516 3739 624 3820 ipsum
642 3735 788 3819 providit
807 3747 840 3801 et
861 3757 956 3800 suam
974 3737 1174 3803 eleccionem
1195 3740 1367 3803 nominans
1388 3740 1503 3803 datam
1522 3736 1623 3800 bullae

274 3868 353 3924 ante
373 3861 461 3924 diem
483 3858 651 3922 electionis
673 3857 811 3939 scripsit,
831 3878 909 3941 ergo
932 3859 1072 3940 provisio
1094 3880 1161 3922 non
1183 3859 1244 3923 fuit
1265 3881 1342 3923 vera
1364 3859 1490 3923 electi0.
1536 3859 1621 3922 Haec

275 3982 392 4045 doctor
415 3981 446 4042 in
470 3999 560 4042 sacra
583 3979 767 4061 Theologia
791 4026 798 4041 .
824 4026 831 4039 .
857 4027 863 4040 .
890 4024 896 4038 .

341 4133 348 4160 ¹
366 4130 421 4181 The
438 4131 590 4196 archbishop
606 4131 711 4182 referred
730 4137 757 4180 to
773 4131 794 4179 is
808 4131 875 4194 John
894 4130 1010 4188 stafford,
1027 4132 1085 4180 who
1103 4132 1153 4181 had
1172 4132 1234 4182 been
1251 4132 1315 4181 dean
1332 4142 1452 4196 1423-25,
1466 4130 1515 4180 and
1531 4131 1623 4195 bishop

276 4228 397 4279 1425-43,
413 4214 442 4262 ol
451 4214 537 4264 Wells.
573 4215 613 4265 He
625 4230 676 4264 was
694 4213 829 4263 translated
846 4215 880 4277 by
891 4215 965 4278 papal
984 4214 1037 4264 bull
1054 4220 1081 4264 to
1099 4215 1262 4278 Canterbury,
1279 4214 1341 4278 May
1356 4228 1393 4277 ¹3·
1408 4227 1480 4277 1443,
1499 4213 1547 4262 and
1564 4213 1623 4262 died

274 4298 335 4361 May
348 4311 386 4360 ²5·
402 4310 472 4360 ¹45²·
