3818 4904
296 398 337 479 96
673 402 772 458 LOCI
798 403 827 455 E
856 402 979 455 LIBRO
1016 401 1274 457 VERITATUM.

297 615 441 698 necligis.
489 616 639 698 Oquam
661 637 712 679 vae
734 616 812 680 tibi!
846 616 902 697 qui
923 624 994 678 tam
1016 621 1143 679 ‘caecus
1166 617 1237 678 dux
1262 636 1297 678 es
1320 613 1504 691 caecorum,’
1525 627 1561 681 ut
1584 619 1653 680 Do·

297 736 407 799 minus
437 737 518 800 dicit
548 737 590 800 de
621 735 792 811 PhariseiS,
824 734 952 799 Mathei
982 742 1036 817 15⁰
1063 742 1125 811 ca⁰,
1151 736 1213 799 Vre
1244 733 1318 799 tali!
1351 736 1429 818 quia
1458 737 1573 800 similis
1603 746 1654 801 est

296 857 355 930 illi,
378 857 420 921 de
445 879 511 940 quo
538 867 679 922 testatur
704 855 852 920 Holcot1
875 857 908 919 in
931 877 1092 933 sermone,
1115 857 1180 938 qui,
1212 866 1288 938 post
1312 866 1452 921 mortem
1477 878 1572 921 suam
1595 878 1653 939 ap-

296 997 423 1059 parens,
450 978 557 1041 dixit:
589 979 818 1059 ‘Dampnatus
846 998 927 1050 sum,
954 978 1031 1058 quia
1057 978 1100 1040 de
1126 977 1297 1040 voluntate
1324 998 1398 1040 mea
1425 977 1593 1061 implenda
1620 978 1653 1040 in

296 1107 387 1160 certo
414 1107 489 1161 actu
519 1119 648 1161 mecum
675 1098 738 1161 suit
764 1097 1001 1178 dispensatum,
1026 1097 1084 1159 sed
1109 1097 1201 1158 Deus
1228 1118 1293 1160 non
1317 1096 1434 1161 habuit
1457 1106 1575 1174 ratum,
1597 1098 1652 1179 qui

296 1217 386 1280 enim
402 1217 435 1280 in
452 1217 634 1300 Evangelio
647 1218 742 1295 dixit,
758 1217 1017 1300 “Quodcunque
1032 1217 1166 1279 solveris
1182 1238 1280 1298 super
1294 1226 1415 1281 terram
1432 1218 1492 1280 erit
1507 1218 1652 1280 solutum

297 1345 331 1400 et
356 1337 390 1399 in
415 1337 534 1416 coelis‚’'
556 1359 622 1401 non
644 1339 731 1402 dixit
753 1338 890 1411 homini,
914 1337 1146 1420 Quodcunque
1172 1336 1314 1400 volueris
1341 1338 1375 1400 in
1402 1346 1490 1400 terra
1513 1337 1652 1400 volitum

297 1457 358 1521 erit
384 1458 417 1520 in
439 1458 552 1523 coelis.’
597 1459 691 1522 Deus
716 1480 780 1522 non
804 1458 850 1521 sic
874 1459 970 1535 dixit,
993 1477 1053 1519 nec
1080 1457 1125 1520 sic
1151 1457 1290 1539 intelligi
1315 1434 1427 1536 voluit,
1453 1467 1489 1521 ut
1512 1467 1654 1521 testatur

298 1577 462 1642 Ricardus
497 1579 540 1642 de
570 1579 695 1643 Sancto
725 1580 861 1643 Victore
893 1578 926 1640 in
960 1577 1043 1640 libro
1077 1598 1137 1640 suo
1168 1577 1222 1640 De
1255 1586 1422 1658 potestate
1452 1579 1654 1642 absolvendi.

299 1698 482 1763 Hominem
510 1701 596 1764 enim
624 1699 749 1782 aliquid
776 1699 886 1782 ligare,
912 1699 1139 1780 praesupponit
1170 1697 1251 1762 illud
1278 1699 1321 1762 ab
1349 1697 1483 1763 homine
1509 1698 1652 1780 ligabile‚

296 1828 332 1883 et
357 1820 477 1884 divinae
503 1821 665 1885 voluntati
688 1819 900 1902 acceptabile,
923 1818 1018 1882 aliter
1041 1818 1129 1880 enim
1151 1819 1239 1881 dicet
1264 1819 1436 1896 DominuS,
1459 1819 1543 1883 sicut
1566 1819 1653 1883 dixit

299 1937 464 2003 Dominus
487 1942 594 2018 Petro,
613 1939 740 2005 Mathei
767 1939 829 2013 16⁰,
846 1939 958 2003 ‘Vade
980 1948 1056 2021 post
1083 1958 1146 2015 me,
1163 1937 1307 2016 Satana,'
1327 1940 1347 2002 i.
1360 1961 1387 2002 e.
1412 1938 1442 2002 O
1466 1940 1653 2004 adversarie

296 2060 461 2124 voluntati
492 2081 584 2140 meae,
608 2082 745 2143 sequere
773 2060 977 2124 voluntatem
1010 2079 1128 2131 meam,
1154 2060 1205 2122 cui
1235 2060 1449 2123 contradicis!
1489 2060 1653 2124 Dominus

297 2181 396 2255 enim,
425 2180 553 2245 Mathei
584 2181 646 2259 16⁰,
668 2191 745 2263 post
771 2181 827 2245 illa
850 2182 951 2244 verba
978 2180 1067 2244 dicta
1095 2180 1199 2253 Petr0‚
1224 2180 1475 2263 ‘Quodcunque
1500 2181 1653 2264 ligaveris

297 2297 374 2365 etc.'
389 2303 537 2368 ostendit
553 2301 677 2365 Sancto
694 2302 791 2365 Petro
813 2302 921 2383 ipsum
938 2301 1044 2364 Xtum
1059 2301 1144 2364 velle
1165 2301 1246 2364 mori
1266 2322 1327 2384 pro
1350 2301 1456 2365 salute
1470 2303 1652 2366 hominum.

298 2421 346 2487 Et
368 2423 484 2487 Petrus
499 2424 586 2488 dixit
608 2423 687 2500 Xto,
707 2422 827 2486 ‘Absit
849 2444 869 2485 a
894 2432 937 2500 te,
954 2422 1113 2485 Domine!
1138 2443 1203 2484 non
1227 2423 1288 2486 erit
1310 2423 1371 2486 tibi
1393 2421 1492 2501 hoc3’
1519 2434 1553 2488 et
1575 2425 1652 2507 quia

296 2544 501 2608 contradixit
517 2544 587 2607 Xto
603 2544 679 2608 ideo
695 2544 859 2606 Dominus
875 2542 1077 2606 contradixit
1098 2542 1206 2619 Petro,
1221 2543 1343 2621 dicens,
1359 2543 1472 2607 ‘Vade
1491 2553 1569 2626 post
1589 2566 1652 2623 me,

298 2662 443 2740 Satana,'
462 2665 482 2726 i.
493 2685 521 2728 e,
542 2685 680 2746 sequere
699 2664 906 2727 voluntatem
930 2683 1047 2739 meam,
1067 2662 1277 2726 ‘scandalum
1301 2662 1398 2726 michi
1421 2685 1465 2740 es,
1485 2665 1562 2746 quia
1585 2686 1652 2728 non

297 2784 387 2865 sapis
417 2805 456 2847 ea
482 2805 558 2866 quae
585 2785 650 2847 Dei
680 2793 767 2857 sunt,
795 2785 853 2847 sed
884 2804 923 2846 ea
955 2804 1030 2865 quae
1056 2792 1133 2846 sunt
1159 2781 1350 2848 hominum?
1398 2785 1482 2848 Haec
1510 2784 1652 2850 Sanctus

296 2904 485 2986 Jeronimus
500 2925 599 2988 super
614 2903 789 2969 Matheum
810 2905 843 2967 in
861 2903 1110 2968 Commentario
1126 2925 1196 2982 suo,
1218 2914 1251 2968 et
1273 2904 1417 2969 Sanctus
1439 2907 1530 2969 Beda
1553 2929 1653 2992 super

298 3024 461 3089 Marcum.
516 3026 618 3089 Dicat
644 3046 722 3108 ergo
753 3025 949 3107 dispensans
976 3033 1010 3088 et
1040 3025 1209 3089 licenciam
1240 3026 1420 3108 recipiens:
1451 3027 1651 3110 ‘Quomodo

297 3145 357 3210 fiet
382 3146 480 3223 istud,
504 3147 523 3210 i.
536 3167 565 3210 e.
593 3147 735 3229 qualiter
760 3145 819 3210 fiet
845 3146 933 3209 istud
961 3154 996 3210 et
1022 3146 1162 3229 qualiter
1185 3155 1259 3209 utar
1281 3146 1346 3210 ista
1369 3146 1504 3211 licencia
1527 3148 1561 3211 in
1585 3150 1650 3213 Dei

296 3266 432 3331 laudern
455 3277 488 3331 et
511 3267 544 3329 in
566 3268 749 3330 animarum
773 3264 948 3330 salutem?’

385 3386 416 3450 O
441 3387 586 3451 Domine
613 3387 725 3452 Deusl
757 3388 910 3462 concede,
934 3396 971 3450 ut
994 3386 1148 3450 dominus
1169 3408 1264 3471 papa,
1285 3399 1319 3453 et
1348 3388 1402 3452 alii
1425 3390 1650 3472 praesidentes,

296 3509 389 3592 leges
428 3517 613 3572 statuentes
650 3517 685 3572 et
721 3508 863 3583 decreta,
895 3517 929 3571 et
966 3528 1042 3572 cum
1080 3508 1155 3590 lege
1191 3509 1431 3593 dispensantes,
1465 3520 1498 3574 et
1534 3523 1650 3577 contra

294 3638 429 3692 sanctos
458 3638 551 3693 actus
580 3627 796 3704 licentiantes,
821 3638 858 3692 ut
892 3649 958 3691 non
987 3627 1078 3706 fiant,
1107 3627 1160 3692 vel
1190 3638 1228 3692 ut
1254 3639 1348 3694 actus
1377 3632 1529 3695 contrarii
1559 3631 1650 3712 fiant,

294 3765 428 3833 semper
456 3750 569 3813 dicant
599 3751 760 3813 veraciter
793 3769 867 3813 curn
898 3748 970 3812 Xto
1000 3749 1033 3812 in
1065 3749 1267 3832 Evangelio:
1305 3750 1404 3814 ‘Non
1436 3754 1512 3815 veni
1541 3753 1650 3819 faeere

295 3871 502 3936 voluntatem
528 3891 646 3944 meam,
671 3871 729 3934 sed
756 3869 962 3934 voluntatem
989 3869 1060 3952 ejus
1086 3872 1142 3952 qui
1169 3870 1258 3933 misit
1283 3867 1353 3948 me,'
1380 3892 1424 3937 sc.
1448 3873 1512 3937 Dei
1536 3876 1649 3957 patris.

296 3989 461 4068 Concede,
486 3992 632 4056 Domine
657 3988 759 4072 Jesul
790 4000 827 4054 ut
850 3991 1004 4055 dominus
1026 4012 1114 4075 papa
1137 3993 1335 4074 respondeat
1360 3993 1448 4057 mala
1473 4005 1507 4059 et
1533 4006 1649 4061 contra

294 4112 439 4177 salutern
462 4114 582 4178 animae
604 4132 673 4176 suae
695 4121 729 4175 et
756 4121 870 4175 contra
896 4110 1039 4176 salutem
1063 4112 1203 4176 aliorum
1229 4114 1428 4196 petentibus,
1450 4116 1536 4181 sicut
1559 4116 1648 4181 Xtus

573 4247 582 4277 ¹
599 4247 725 4311 Probably
736 4247 806 4299 Elias
817 4247 920 4310 Holcot,
933 4249 1042 4300 Warden
1055 4248 1084 4298 ol
1092 4249 1199 4311 Merton,
1215 4228 1368 4315 1438-1455.
