3818 4904
311 412 353 480 50
684 405 783 461 LOCI
809 405 838 459 E
866 407 990 461 LIBRO
1026 407 1284 464 VERITATUM.

312 621 517 702 Psalterium‚
541 642 639 706 super
662 622 719 686 illo
741 644 837 687 versu
861 622 983 687 Psalmi
1008 633 1058 702 75,
1081 632 1118 686 ut
1141 622 1252 686 salvos
1276 622 1407 697 faceret,
1432 633 1513 701 etc.;
1546 632 1662 688 contra

311 742 386 807 illos
401 743 457 826 qui
479 743 601 821 dicunt,
616 741 826 825 Augustinus
840 742 894 807 vel
913 742 989 807 talis
1012 743 1130 806 doctor
1143 744 1203 806 suit
1223 742 1325 806 homo
1348 753 1385 807 ut
1407 764 1470 826 ego
1492 764 1575 819 sum,
1600 753 1661 809 etc.

399 871 433 941 [p.
448 871 520 939 427]
559 862 732 927 Contrario
752 883 830 926 vero
853 863 954 926 modo
975 871 1113 945 possunt
1133 862 1242 925 dicere
1262 862 1372 945 plures
1389 863 1543 945 episcopi,
1560 884 1663 947 reges

312 992 347 1049 et
370 984 509 1065 patroni,
533 983 739 1047 conferentes
762 992 893 1047 curatos
920 992 954 1046 et
981 983 1153 1047 officiarios
1179 981 1304 1065 populo
1335 983 1410 1047 Dei.
1455 984 1662 1066 ‘Numquid

314 1103 346 1171 Ο
372 1102 529 1187 parochia
554 1103 650 1167 talis!
689 1124 746 1167 seu
778 1102 809 1167 Ο
837 1102 959 1185 popule
986 1102 1072 1167 Deil
1111 1103 1271 1184 numquid
1299 1123 1362 1185 ego
1392 1124 1462 1178 rex,
1487 1124 1549 1186 ego
1579 1105 1665 1186 epis·

314 1245 426 1308 copus,
450 1245 513 1308 ego
542 1232 700 1306 patronus
729 1221 885 1298 ecclesiae‚
910 1222 1070 1304 numquid
1100 1242 1163 1304 ego
1192 1222 1307 1305 decepi
1338 1243 1397 1286 vos
1427 1223 1561 1304 quando
1592 1223 1665 1286 misi

312 1345 407 1409 vobis
437 1343 538 1409 talem
569 1344 725 1427 cupidum
752 1342 952 1420 officiarium,
978 1341 1031 1406 vel
1061 1341 1163 1405 talem
1193 1351 1353 1420 curatum,
1378 1341 1431 1405 vel
1462 1345 1664 1426 episcopum,

313 1464 370 1547 qui
401 1484 467 1528 non
496 1463 662 1527 residebat
689 1471 777 1526 recte
807 1461 841 1524 in
864 1482 943 1526 cura
972 1482 1040 1540 sua,
1063 1463 1119 1544 qui
1143 1460 1206 1525 luit
1232 1462 1351 1538 ebrius,
1375 1463 1495 1527 absens
1519 1483 1539 1525 a
1561 1463 1665 1538 vobis,

312 1605 435 1649 nocens
464 1584 558 1648 vobis
588 1581 803 1666 parochianis,
825 1583 1011 1646 omittendo
1040 1602 1141 1665 opera
1162 1583 1258 1645 vobis
1284 1581 1406 1660 debita,
1436 1593 1471 1647 et
1501 1582 1558 1645 illa
1590 1603 1667 1647 nec·

312 1704 456 1787 ligendo,
490 1714 525 1768 et
562 1703 650 1768 mala
682 1704 811 1767 diversa
844 1702 1093 1776 committendo,
1125 1702 1285 1784 numquid
1316 1701 1418 1767 talem
1449 1703 1666 1785 praepositum

311 1824 406 1889 vobis
431 1825 602 1901 mittendo,
626 1844 686 1887 vos
712 1820 851 1905 decepi?
897 1821 997 1887 Certe
1018 1843 1078 1885 vos
1098 1822 1223 1904 decepi,
1248 1831 1281 1886 et
1306 1843 1366 1885 vos
1389 1823 1457 1885 laesi
1481 1823 1514 1885 in
1536 1822 1610 1901 hoc,
1633 1832 1668 1887 et

313 1946 432 2022 dicam,
459 1943 557 2008 velim
584 1943 696 2020 nolim,
722 1962 834 2006 coram
860 1942 935 2006 Deo
961 1942 1015 2005 die
1037 1941 1152 2023 judicii
1177 1943 1242 2006 mei
1269 1943 1358 2020 recti,
1381 1943 1408 2005 si
1436 1942 1668 2007 bonushomo

315 2064 433 2129 fuisset
457 2064 510 2129 hic
537 2064 570 2127 in
598 2063 661 2126 ista
688 2083 765 2127 cura
789 2072 868 2127 tunc
887 2062 990 2126 irater
1015 2081 1107 2127 meus
1135 2082 1202 2125 non
1230 2061 1346 2129 suisset
1369 2063 1415 2127 sic
1438 2073 1598 2139 mortuus,
1621 2083 1667 2127 sc.

315 2184 457 2268 populus
481 2185 633 2259 Xtianus‚
657 2185 713 2265 qui
740 2183 957 2265 permissum
982 2204 1003 2248 a
1027 2204 1081 2247 me
1106 2184 1211 2267 periit,
1239 2185 1314 2248 ideo
1337 2184 1434 2266 juste,
1461 2184 1524 2248 Vae
1547 2183 1668 2249 michi!

316 2306 394 2388 quia
418 2305 520 2370 talem
544 2304 758 2388 praepositum
777 2303 901 2387 populo
922 2304 987 2369 Dei
1012 2300 1106 2368 misi.’
1151 2301 1268 2388 ‘Ego'
1289 2305 1395 2388 inquit
1414 2305 1602 2388 Apostolus
1624 2305 1668 2369 ad

317 2425 546 2508 Philippenses
562 2434 603 2504 2⁸,
622 2428 738 2507 ‘spero
762 2425 795 2487 in
822 2425 970 2488 Domino
992 2424 1071 2505 Jesu
1095 2424 1322 2501 Timotheum,
1338 2446 1382 2490 sc.
1403 2426 1510 2490 virum
1531 2427 1668 2500 bonum,

318 2547 384 2611 cito
414 2567 469 2610 me
499 2548 630 2611 mittere
664 2546 707 2609 ad
736 2565 805 2623 vos,
832 2544 997 2608 neminem
1027 2546 1115 2609 enim
1145 2545 1254 2610 habeo
1284 2557 1353 2610 tam
1383 2548 1583 2626 unanimem,
1612 2546 1669 2630 qui

317 2666 444 2730 sincera
469 2666 647 2730 affeccione
672 2686 732 2747 pro
757 2665 852 2728 vobis
878 2664 1036 2729 sollicitus
1062 2665 1126 2730 sit!
1171 2666 1239 2731 Sed
1266 2687 1327 2749 pro
1352 2667 1459 2730 salute
1485 2667 1669 2730 animarum

316 2796 499 2850 vestrarum
530 2785 742 2850 consimiliter
775 2785 897 2852 diceret
927 2806 1015 2868 papa
1059 2786 1214 2850 ordinans
1253 2787 1373 2850 Romae
1404 2787 1669 2870 poenitenciarios

317 2907 476 2989 puplicos,
506 2916 540 2970 et
571 2927 672 2989 reges,
703 2915 736 2969 et
770 2906 924 2988 episcopi,
954 2916 987 2970 et
1018 2907 1159 2989 patroni,
1189 2917 1223 2971 et
1252 2907 1442 2972 ordinantes
1468 2907 1605 2989 judices,
1636 2917 1670 2971 et

238 3110 241 3117 Ι
318 3026 499 3104 officiarios,
524 3026 557 3089 in
580 3025 704 3109 populo
731 3025 896 3090 dicerent:
924 3026 1049 3092 ‘Mitto
1071 3028 1165 3091 vobis
1188 3027 1290 3092 talem
1312 3028 1438 3092 bonum
1461 3038 1496 3092 et
1517 3036 1669 3092 sanctum

316 3146 431 3226 virum,
456 3148 534 3231 quia
560 3148 725 3211 neminem
752 3146 859 3212 habeo
884 3149 941 3230 qui
970 3147 1017 3213 ita
1046 3149 1223 3212 concordet
1249 3168 1333 3213 meae
1359 3148 1521 3213 voluntati
1548 3150 1582 3212 in
1606 3147 1671 3212 hoc

318 3277 434 3332 sancto
467 3269 604 3351 negocio
640 3289 697 3333 seu
728 3269 836 3332 officio
867 3270 1064 3352 exequendo
1100 3266 1208 3333 recte?
1269 3270 1356 3334 Item
1390 3270 1465 3334 talis
1501 3269 1673 3333 ordinator

318 3390 641 3472 poenitenciariorum
664 3401 698 3456 et
717 3391 946 3472 episcoporum
969 3399 1003 3454 et
1025 3389 1183 3472 judicum
1199 3398 1233 3456 et
1255 3400 1442 3455 curatorum
1466 3400 1500 3457 et
1522 3391 1672 3455 officiari·

318 3529 413 3574 orum
436 3510 561 3575 diceret
586 3511 671 3575 sicut
693 3510 835 3575 Sanctus
858 3509 981 3574 Paulus
1003 3512 1091 3576 dixit
1114 3508 1310 3591 Corintheis.

405 3639 440 3707 [p.
457 3639 527 3704 με]
571 3631 659 3696 Vide
683 3631 746 3696 hoc
775 3652 874 3713 super
901 3640 1033 3695 textum
1061 3630 1219 3714 Apostoli
1246 3653 1305 3715 per
1331 3633 1504 3696 dominum
1530 3631 1671 3696 Lincoln

319 3771 418 3835 super
439 3752 608 3836 Epistolas
626 3752 716 3818 beati
737 3753 830 3817 Pauli
848 3752 999 3835 apostoli,
1020 3773 1120 3836 super
1140 3774 1224 3837 quas
1244 3753 1374 3836 scripsit
1396 3773 1456 3817 sua
1475 3773 1575 3816 manu
1596 3772 1672 3834 pro-

318 3874 399 3956 pria,
416 3884 450 3940 et
472 3875 564 3940 illam
587 3876 782 3958 scripturam
803 3874 870 3939 vidi
891 3876 1026 3958 quando
1043 3873 1088 3938 fui
1107 3874 1319 3940 cancellarius
1335 3873 1499 3953 Oxoniae;
1524 3893 1584 3957 pro
1605 3894 1672 3957 qua

321 3995 456 4062 Oxonia
475 3997 546 4080 jam
568 3997 684 4061 dolens
701 3996 796 4061 dico:
821 3993 916 4060 Heu!
939 3995 1021 4060 heu!
1044 3996 1127 4061 heul
1149 3995 1293 4059 Domine
1315 3996 1426 4060 Deust
1449 4015 1510 4077 pro
1527 3993 1673 4076 peccatis

321 4118 457 4199 magnis,
475 4140 549 4202 quae
570 4121 602 4183 in
624 4118 795 4201 praetensis
815 4116 1026 4181 studentibus
1042 4117 1194 4191 Oxoniae,
1210 4137 1286 4199 quae
1306 4137 1389 4181 onus
1408 4126 1459 4182 est
1476 4115 1570 4199 quasi
1590 4124 1673 4183 totae

320 4240 436 4323 patriae
456 4240 698 4325 circumjacenti
719 4240 758 4319 ei,
773 4260 833 4323 per
853 4238 945 4304 illata
967 4259 1027 4322 per
1047 4237 1257 4304 Oxonienses
1276 4246 1459 4321 praetensos
1476 4235 1629 4302 scolares
