3818 4904
591 431 691 486 LOCI
716 432 746 484 E
775 431 901 485 LIBRO
935 433 1195 490 VERIYATUM.
1528 443 1570 509 33

214 647 318 712 habes
344 649 469 712 bullam
495 649 648 731 papalem
676 648 732 731 qui
760 648 872 712 fallere
899 660 1009 731 potest
1039 661 1073 714 et
1103 651 1180 729 salli,
1207 653 1285 734 quia
1304 651 1384 716 novi
1414 652 1504 733 quod
1535 652 1568 712 in

215 768 316 832 Curia
328 770 495 865 Romana,
511 780 698 854 postquam
704 790 792 852 papa
806 771 951 852 aliquam
967 773 1167 854 peticionem
1188 773 1250 836 sibi
1271 772 1393 837 laetam
1410 773 1571 837 concessit

214 889 332 953 bullari
356 892 417 954 sub
440 891 502 954 hac
525 891 629 954 lorma
652 895 667 922 “
678 890 737 955 fiat
747 889 763 916 ’'
784 890 835 953 vel
858 892 920 954 sub
943 891 1005 955 hac
1028 891 1135 957 forma
1157 893 1242 958 “fiat
1266 903 1301 957 ut
1324 889 1475 975 petitur,'’
1491 902 1570 955 tunc

215 1010 405 1075 cubicularii
431 1033 528 1095 papae
559 1023 593 1075 et
626 1011 794 1075 camerarii
825 1021 859 1075 et
888 1022 1047 1089 astantes,
1070 1014 1221 1077 avariciae
1250 1034 1378 1077 veneno
1408 1013 1571 1087 inebriati,

214 1129 339 1195 faciunt
357 1132 464 1197 bullas
482 1133 636 1215 augendo
655 1143 689 1195 et
709 1132 925 1196 diminuendo
944 1132 1106 1196 clausulas
1129 1135 1162 1196 in
1186 1132 1284 1210 bulla,
1303 1155 1378 1215 quae
1401 1142 1570 1215 nunquam

215 1271 304 1334 papa
331 1253 423 1317 novit
445 1273 506 1317 nec
528 1253 689 1317 concessit
712 1272 772 1315 nec
796 1254 977 1316 concedere
1002 1264 1112 1335 potest
1136 1255 1321 1336 acceptorie
1346 1273 1455 1316 coram
1486 1252 1571 1328 Deo,

215 1382 251 1435 et
282 1371 374 1446 ideo,’
397 1373 504 1454 inquit
535 1373 717 1455 episcopus,
740 1377 824 1434 ‘non
854 1371 972 1436 faciam
1002 1372 1184 1437 secundum
1213 1372 1339 1436 bullam
1369 1383 1471 1448 tuam,
1496 1374 1574 1455 quia

216 1492 315 1555 credo
344 1493 434 1575 quod
465 1512 552 1575 papa
583 1493 739 1557 vocaliter
770 1495 833 1556 ista
864 1513 929 1555 non
959 1495 1127 1569 concessit,
1158 1502 1192 1555 et
1221 1493 1289 1556 scio
1319 1493 1408 1574 quod
1443 1492 1575 1556 realiter

216 1613 396 1676 concedere
419 1633 486 1675 non
510 1623 631 1695 potest,
659 1622 808 1695 potestas
833 1612 920 1676 enim
945 1633 1004 1675 sua
1029 1614 1108 1676 data
1131 1623 1182 1676 est
1206 1612 1267 1675 sibi
1294 1633 1315 1675 a
1340 1612 1411 1676 Xto
1434 1622 1471 1677 ut
1493 1611 1575 1695 liget

216 1732 384 1828 quod-est
410 1732 544 1816 ligabile
571 1743 660 1797 recte
684 1734 727 1796 ab
756 1733 899 1809 homine,
922 1741 956 1796 et
982 1731 1086 1815 ligare
1111 1745 1145 1796 et
1167 1732 1294 1795 solvere
1320 1732 1391 1795 sine
1413 1742 1576 1795 consensu

216 1850 360 1915 hominis
386 1854 541 1936 quicquid
573 1854 606 1916 in
633 1853 760 1917 actibus
789 1852 963 1930 humanis;
1002 1853 1145 1934 pertinet
1168 1872 1245 1915 vero
1271 1851 1373 1916 cultui
1401 1852 1466 1914 Dei
1492 1871 1575 1932 aug-

219 1973 399 2036 mentando
421 1983 455 2036 et
478 1973 662 2036 animarum
685 1994 772 2036 verae
794 1972 901 2050 saluti,
925 1971 1013 2035 unde
1040 1993 1127 2055 papa
1148 1981 1259 2054 potest
1282 1973 1407 2035 bonurn
1424 1980 1575 2035 curatum

217 2111 239 2155 a
254 2111 332 2155 cura
350 2093 526 2176 expellere,
544 2094 616 2175 ipso
639 2093 751 2170 invito,
767 2102 804 2156 ut
824 2093 994 2155 meliorem
1010 2113 1121 2156 coram
1141 2093 1216 2157 Deo
1238 2093 1397 2168 instituat,
1416 2112 1518 2173 quare
1541 2092 1576 2154 in

217 2209 281 2276 hoc
296 2212 445 2277 imitatur
460 2213 643 2277 Dominum
667 2212 787 2291 Deum,
802 2213 880 2294 quia
903 2211 1091 2277 Barnabam
1114 2214 1147 2277 in
1169 2213 1244 2276 loco
1266 2213 1363 2294 Judae
1387 2232 1451 2274 non
1476 2211 1580 2293 elegit

218 2342 270 2397 set
308 2332 488 2398 Matthiam
527 2333 696 2397 meliorem
733 2333 776 2395 ad
814 2332 876 2396 hoc
909 2333 1052 2396 officium
1091 2343 1179 2397 recte
1217 2333 1460 2415 exequendum.
1527 2331 1576 2396 Et

220 2451 358 2535 Moyses
373 2453 458 2517 filios
478 2475 555 2517 suos
577 2473 780 2516 successores
799 2453 862 2515 sibi
883 2473 949 2515 non
970 2453 1079 2536 elegit,
1096 2456 1155 2518 sed
1172 2453 1297 2535 judicio
1315 2453 1378 2515 Dei
1399 2452 1576 2528 commisit,
1603 2512 1605 2515 .

218 2573 275 2656 qui
292 2574 409 2637 melius
425 2574 534 2656 potuit
550 2585 584 2637 et
602 2574 694 2636 novit
715 2582 749 2635 et
770 2572 887 2636 melius
907 2574 1011 2636 voluit
1031 2575 1202 2656 providere
1221 2574 1264 2638 de
1284 2582 1417 2655 pastore
1439 2572 1579 2652 meliori,

218 2702 254 2758 et
283 2695 329 2758 sic
357 2695 471 2776 Josuae
501 2694 666 2776 providit3
700 2694 775 2774 quis
801 2693 890 2756 enim
916 2713 1006 2757 sanae
1036 2696 1157 2758 mentis
1186 2693 1250 2758 hoc
1279 2694 1457 2758 affirmaret
1483 2692 1578 2775 quod

218 2814 359 2897 quilibet
381 2817 536 2879 sacerdos
560 2813 736 2896 requisitus
759 2812 802 2876 ad
829 2813 1068 2878 absolvendum
1098 2815 1270 2879 absolvere
1299 2823 1430 2880 tenetur
1459 2828 1576 2895 quem·

220 2955 350 3019 cunque
384 2936 441 3019 qui
474 2956 533 3019 per
567 2933 693 2997 bullam
729 2933 883 3016 papalem
914 2933 1017 2998 habet
1053 2934 1234 3012 licenciam,
1265 2946 1302 3000 ut
1336 2934 1527 2998 absolvatur
1555 2954 1577 2995 a

219 3077 418 3141 quocunque
454 3057 588 3138 ydoneo
618 3051 813 3118 sacerdote?
881 3053 918 3118 Si
952 3055 1040 3119 enim
1078 3058 1254 3138 episcopus
1291 3076 1348 3119 seu
1387 3065 1493 3118 rector
1529 3053 1576 3116 sic

219 3178 415 3256 absolveret,
443 3177 531 3243 male
557 3185 591 3240 et
612 3176 746 3239 abusive
773 3184 807 3238 et
837 3172 959 3255 injuste
989 3174 1120 3254 faceret,
1149 3178 1227 3258 quia
1257 3176 1359 3239 habet
1388 3194 1482 3238 veras
1509 3175 1577 3237 evi-

221 3300 356 3364 dencias
385 3309 419 3364 et
448 3307 646 3380 argumenta
676 3316 750 3378 quae
779 3296 823 3358 ad
855 3294 1009 3359 eflectum
1039 3317 1125 3360 verae
1155 3296 1332 3360 solucionis
1361 3316 1382 3359 a
1416 3294 1513 3376 culpa
1543 3304 1578 3357 et

221 3440 242 3483 a
258 3440 359 3503 poena
374 3441 434 3502 per
448 3420 560 3482 Deum
576 3417 705 3494 fiendae‚
721 3436 781 3479 nec
797 3417 1035 3498 impedimenta
1051 3427 1181 3481 cessant
1203 3437 1263 3480 nec
1282 3416 1437 3498 requisita
1455 3424 1578 3489 assunt,

222 3541 325 3605 etsie
352 3540 437 3605 tales
459 3539 625 3603 vivificant
650 3539 778 3601 animas
803 3556 878 3619 quae
906 3557 973 3600 non
999 3539 1123 3616 vivunt,
1152 3537 1336 3602 Ezechielis
1368 3553 1406 3619 13
1433 3543 1495 3599 ca0.
1521 3536 1540 3599 i.
1551 3556 1579 3598 e.

221 3671 373 3726 asserunt
397 3681 454 3724 eas
478 3661 586 3724 vivere
608 3678 720 3723 coram
745 3657 820 3721 Deo
842 3659 910 3721 vita
932 3659 1052 3740 graciae
1074 3659 1166 3722 ialsae
1189 3672 1261 3723 tum
1285 3655 1420 3722 dicunt.’

310 3792 344 3859 [p.
363 3791 433 3858 373]
478 3782 561 3863 Ejus
596 3780 738 3862 legenda
768 3776 820 3864 (S.
848 3778 997 3862 Gregorii
1028 3779 1139 3864 papae)
1170 3801 1244 3863 quae
1275 3779 1395 3860 legitur
1424 3777 1467 3840 de
1495 3775 1581 3839 elec·

225 3904 319 3969 cione
341 3903 455 3967 Sancti
475 3902 622 3985 Gregorii
646 3901 679 3963 in
702 3899 840 3964 ecclesia
861 3899 923 3963 Xti
952 3899 1139 3966 Cantuariae
1161 3901 1194 3964 in
1216 3899 1329 3983 vigilia
1351 3897 1581 3962 translacionis

226 4023 341 4090 Sancti
364 4022 540 4088 Cuthberti
565 4022 615 4104 iija
638 4022 692 4086 die
718 4020 935 4102 Septembris,
958 4031 1038 4084 tunc
1064 4021 1152 4084 enim
1175 4030 1226 4084 est
1251 4019 1372 4083 festum
1393 4018 1516 4082 ibidem
1540 4017 1584 4080 de

225 4143 298 4228 ejus
320 4145 485 4210 eleccione
506 4153 622 4208 sancta
643 4143 677 4204 in
700 4160 833 4224 papam.

314 4276 347 4341 [p.
368 4274 438 4342 375]
482 4265 553 4343 Vae,
571 4285 622 4328 vae
641 4262 822 4327 infelicitati
844 4260 1006 4343 temporis
1024 4263 1129 4325 nostri
1147 4261 1297 4324 moderni
1317 4259 1350 4322 in
1372 4279 1440 4341 quo
1462 4258 1586 4342 superi-

893 4379 913 4425 1³
