3818 4904
298 375 356 439 108
669 387 768 440 LOCI
794 387 823 439 E
852 388 975 443 LIBRO
1012 388 1268 443 VERJTATUM.

294 602 429 682 paucis;
460 622 518 683 per
544 599 623 663 talia
648 601 734 663 enim
761 601 848 664 bona
871 601 955 665 bene
979 603 1171 685 dispensata
1198 623 1256 684 per
1279 603 1403 666 bonum
1430 610 1464 665 et
1487 600 1646 665 scientem

295 732 454 785 rectorem
482 721 577 803 plura
602 721 690 784 mala
711 723 931 801 destruuntur,
951 734 984 787 et
1007 723 1102 804 plura
1123 724 1211 786 bona
1232 724 1325 801 fiunt,
1348 724 1381 785 in
1404 722 1551 805 pluribus
1574 743 1647 804 per·

294 842 382 905 sonis
410 851 443 905 et
470 843 689 906 communiter
713 842 745 904 in
770 843 958 925 quingentis
982 844 1137 925 personis,
1162 864 1219 906 seu
1250 842 1465 925 parochianis,
1489 852 1523 906 et
1549 842 1645 915 ultra,

294 971 328 1025 et
351 960 436 1026 forte
460 983 525 1024 non
547 970 624 1024 sunt
647 963 864 1044 quadraginta
888 984 1038 1046 personae
1061 964 1093 1026 in
1115 962 1189 1026 loco
1213 962 1268 1026 illo
1291 963 1342 1027 cui
1367 962 1504 1026 ecclesia
1527 983 1646 1044 appro-

294 1082 426 1164 priatur,
452 1093 485 1145 et
508 1102 597 1163 saepe
619 1082 750 1145 videtur
772 1083 860 1163 quod
884 1084 967 1147 tales
990 1085 1085 1166 pauci
1108 1093 1201 1146 actus
1223 1083 1307 1148 fiunt
1330 1103 1389 1165 per
1410 1084 1500 1164 ipsos
1526 1083 1646 1164 quibus

294 1202 440 1266 ecclesiae
467 1203 512 1264 sic
543 1203 803 1285 appropriantur,
827 1212 861 1266 et
891 1204 924 1266 in
951 1205 1064 1285 paucis
1086 1204 1233 1286 personis
1263 1205 1296 1265 in
1323 1203 1573 1285 comparacione
1602 1201 1646 1265 ad

293 1343 409 1386 omnes
436 1321 652 1404 parochianos
675 1334 708 1386 et
731 1323 812 1385 alios
835 1324 867 1385 in
890 1324 1009 1406 quibus
1031 1333 1125 1389 actus
1148 1324 1273 1388 fierent.
1318 1324 1418 1386 Tales
1441 1344 1507 1386 non
1527 1323 1647 1405 praedi·

293 1454 370 1509 cant
399 1443 614 1526 parochianis,
643 1465 701 1508 nec
735 1456 941 1509 sacramenta
971 1445 1035 1509 illis
1069 1447 1264 1522 ministrant,
1295 1466 1355 1509 nec
1384 1444 1645 1527 hospitalitatem

293 1565 339 1629 eis
369 1564 539 1639 exhibent,
568 1585 627 1628 nec
658 1564 752 1646 plura
781 1564 846 1629 alia
876 1567 1057 1630 necessaria
1088 1568 1134 1629 eis
1165 1565 1346 1649 spiritualia
1376 1574 1409 1628 et
1439 1562 1645 1647 temporalia,

293 1685 381 1748 unde
404 1685 493 1748 bona
524 1693 557 1748 et
587 1705 702 1747 omnes
732 1686 869 1748 decimae
897 1687 1043 1750 ecclesiae
1069 1685 1248 1768 parochiali
1277 1706 1419 1749 annexae
1449 1685 1563 1767 pocius
1587 1685 1646 1747 da-

292 1816 405 1869 rentur
425 1805 541 1868 rectori
563 1805 836 1886 parochianorum
855 1827 955 1887 quam
971 1807 1259 1889 appropriarentur
1276 1805 1357 1883 aliis,
1373 1813 1407 1869 et
1424 1805 1488 1869 hoc
1509 1814 1647 1886 propter

291 1925 402 2009 plures
423 1946 545 1988 causas.
582 1925 698 1988 Unum
726 1937 784 2003 est,
805 1927 883 2007 quia
905 1948 925 1990 a
948 1928 1022 1990 Deo
1046 1928 1234 1991 institutum
1256 1927 1316 1990 fuit
1340 1934 1373 1988 et
1395 1946 1454 2008 per
1476 1924 1646 2008 apostolos

291 2046 546 2129 promulgatum,
562 2054 599 2108 ut
622 2047 678 2128 qui
700 2046 795 2111 altari
819 2045 894 2111 huic
917 2049 1024 2123 servit,
1041 2050 1084 2112 de
1106 2049 1228 2111 debitis
1252 2056 1286 2110 et
1308 2046 1429 2110 oblatis
1450 2046 1527 2110 huic
1549 2045 1644 2109 altari

290 2167 389 2245 vivat,
413 2167 501 2229 unde
531 2166 701 2248 apostolus
730 2168 956 2231 sanctissimus
984 2168 1105 2231 Paulus
1135 2169 1230 2246 dixit,
1257 2177 1291 2231 et
1320 2167 1487 2249 pracepit,
1510 2176 1547 2231 ut
1569 2167 1644 2248 ‘qui

291 2286 387 2351 altari
405 2287 505 2350 servit
524 2287 566 2350 de
584 2287 680 2350 altari
698 2284 806 2365 vivat,’
823 2288 880 2350 i.e.
896 2290 938 2353 de
954 2288 1195 2370 pertinentibus
1211 2309 1255 2351 ex
1271 2287 1343 2370 jure
1359 2287 1471 2351 divino
1489 2286 1646 2350 ministris

291 2407 378 2471 illius
401 2407 533 2485 altaris3
558 2417 591 2471 et
612 2408 889 2470 considerandum
905 2419 955 2472 est
972 2410 1060 2490 quod
1077 2409 1248 2491 apostolus
1271 2428 1338 2471 non
1354 2407 1442 2485 dicit,
1458 2406 1525 2489 Qui
1547 2407 1645 2471 servit

291 2549 350 2611 pro
373 2529 469 2593 altari
493 2528 581 2591 vivat
605 2528 647 2591 de
673 2527 777 2606 altari,
797 2530 857 2592 sed
880 2530 976 2605 dixit,
1001 2529 1086 2612 ‘Qui
1109 2531 1209 2594 servit
1232 2529 1326 2593 altari
1349 2529 1392 2592 de
1415 2527 1511 2592 altari
1536 2524 1645 2604 vivat,’

291 2651 355 2713 ie.
380 2649 437 2731 qui
459 2647 562 2711 habet
585 2668 696 2711 curam
720 2647 893 2712 hominum
923 2649 1047 2713 habeat
1073 2650 1115 2713 de
1139 2650 1202 2714 illis
1235 2651 1291 2732 qui
1318 2649 1365 2712 illi
1396 2648 1544 2722 offerent,
1568 2649 1645 2731 quia

291 2770 409 2833 melius
432 2778 483 2832 est
506 2768 713 2850 parochianis
736 2778 773 2832 ut
795 2770 873 2832 boni
901 2780 995 2834 actus
1017 2771 1099 2834 fiant
1123 2771 1177 2849 eis,
1199 2791 1300 2853 quam
1323 2791 1382 2853 pro
1412 2770 1467 2846 eis,
1492 2789 1537 2832 sc.
1561 2789 1646 2851 prae-

290 2890 424 2964 dicaci0‚
446 2887 664 2971 hospitalitas,
679 2891 798 2966 oraci0,
823 2912 884 2973 pro
906 2891 952 2953 eis
978 2900 1011 2954 et
1033 2912 1145 2955 coram
1169 2892 1224 2969 eis,
1244 2899 1280 2953 ut
1308 2891 1413 2972 magis
1440 2910 1551 2953 coram
1571 2890 1645 2953 Deo

290 3012 324 3074 in
353 3032 466 3075 amore
496 3011 566 3092 ejus
595 3014 826 3090 accendantur,
856 3024 890 3076 et
920 3013 1046 3076 bonum
1077 3013 1269 3096 exemplum
1301 3021 1334 3075 et
1361 3010 1543 3089 consilium,
1569 3032 1644 3093 quae

290 3132 402 3196 omnia
421 3142 560 3214 pereunt
585 3153 644 3215 per
668 3134 822 3197 miseram
844 3135 1162 3217 appropriacionem.
1212 3135 1322 3212 Unde,
1349 3134 1427 3215 quia
1452 3153 1473 3195 a
1496 3132 1571 3195 Deo
1595 3133 1645 3196 in-

289 3254 441 3319 stitutum
457 3253 528 3332 fuit,
544 3255 619 3319 ideo
640 3256 778 3318 decimae
801 3258 957 3320 darentur
977 3266 1099 3334 curat0,
1115 3257 1171 3338 qui
1192 3256 1292 3319 habet
1315 3275 1427 3320 curam
1447 3253 1645 3318 animarum.

291 3373 386 3453 Item,
414 3375 530 3439 melius
555 3385 605 3439 est
632 3386 669 3439 ut
696 3375 761 3439 alia
785 3377 873 3440 bona
900 3377 982 3442 fiant
1007 3377 1214 3460 parochianis
1242 3377 1274 3438 in
1300 3387 1405 3441 semet
1431 3375 1519 3457 ipsis,
1542 3394 1645 3457 quarn

290 3518 349 3581 pro
376 3497 464 3579 ipsis.
512 3497 671 3562 Rectores
698 3499 786 3560 enirn
820 3499 897 3561 boni
929 3520 988 3581 pro
1019 3497 1226 3581 parochianis
1255 3508 1359 3570 orant,
1391 3488 1427 3560 et
1455 3516 1565 3559 coram
1598 3495 1645 3558 eis

289 3618 544 3702 praesencialiter
574 3619 769 3698 ministrant,
796 3629 833 3683 ut
864 3620 1027 3683 efficacius
1056 3629 1238 3701 praesentes
1267 3619 1489 3682 accendantur
1518 3616 1551 3678 in
1580 3615 1644 3678 Dei

290 3740 388 3804 laude
411 3749 445 3803 et
467 3761 589 3804 amore.
635 3740 732 3818 Item,
755 3741 961 3823 parochianis
984 3742 1051 3804 suis
1074 3742 1265 3823 pradicant,
1283 3750 1316 3803 et
1338 3740 1494 3803 veritates
1516 3737 1645 3800 divinas

291 3870 325 3925 et
355 3862 452 3925 utiles
484 3861 662 3940 declarant,
687 3872 721 3927 et
750 3863 941 3945 explanant,
969 3873 1095 3927 rectum
1126 3862 1299 3927 consilium
1330 3859 1536 3944 parochianis
1566 3878 1644 3922 con-

291 3982 407 4062 ferunt,
430 3985 518 4048 unde
548 3985 726 4066 quondam,
751 3986 885 4067 quando
908 3985 1040 4049 fuerunt
1064 3985 1175 4070 plures
1197 3985 1275 4047 boni
1299 3994 1333 4048 et
1359 3983 1479 4046 maturi
1503 3989 1646 4045 rectores

291 4103 509 4183 ecclesiarum,
525 4106 569 4170 ibi
593 4107 782 4186 residentes,
798 4107 899 4190 brigae
922 4117 956 4171 et
978 4107 1199 4171 dissensiones
1220 4107 1302 4170 infra
1322 4104 1512 4188 parochiam
1534 4111 1644 4175 motae‚

290 4225 342 4288 vel
373 4226 456 4291 inter
479 4228 704 4308 parochianos,
732 4229 849 4311 sopitae
873 4239 966 4293 erant
990 4238 1023 4294 et
1047 4228 1149 4293 finitae
1179 4249 1238 4311 per
1261 4229 1386 4292 bonum
1409 4234 1587 4291 tractatum
1611 4231 1645 4286 et
