3818 4904
319 442 379 488 102
691 429 790 484 LOCI
815 429 845 481 E
873 428 997 483 LIBRO
1033 428 1290 485 VERITATUM.

319 648 419 711 modo
439 648 663 710 consideratur
687 644 774 708 racio
796 651 833 706 ut
855 643 1060 724 subsequens
1081 642 1192 718 fidem,
1217 644 1351 725 quando
1371 644 1417 708 sic
1439 643 1541 708 homo
1561 645 1665 709 credit

317 765 447 830 veritati
469 775 613 829 ostensae
636 763 699 827 sibi
721 784 781 846 per
803 762 966 826 sufficiens
988 762 1214 826 testimonium
1236 763 1310 841 Dei,
1327 764 1496 848 scripturae
1517 763 1595 846 ejus,
1611 763 1666 828 vel

317 894 505 949 sanctorum
532 884 611 965 ejus,
638 895 671 947 et
697 893 809 947 tamen
836 891 914 966 post
940 881 1041 945 fidem
1068 882 1114 946 sic
1140 882 1288 946 habitam
1311 884 1430 965 quaerit
1456 885 1602 949 raciones
1632 895 1666 949 et

318 1005 503 1070 evidencias
533 1005 575 1068 ad
607 1003 851 1068 defendendum
882 1002 973 1066 illam
1001 1003 1184 1075 veritatem,
1212 1010 1246 1065 et
1275 1002 1319 1066 ad
1349 1002 1545 1068 solvendum
1578 1005 1668 1070 dicta

319 1149 375 1191 seu
418 1136 613 1210 argumenta
655 1145 867 1207 paganorum,
904 1123 1108 1204 Judaeorum,
1153 1133 1187 1187 et
1231 1122 1461 1188 haereticorum
1505 1126 1667 1189 malorum

319 1247 527 1326 Xtianorum,
556 1268 630 1329 quae
661 1245 785 1309 faciunt
817 1265 875 1308 seu
909 1254 1049 1327 possunt
1084 1243 1192 1308 lacere
1225 1255 1338 1309 contra
1372 1245 1463 1309 illam
1492 1248 1668 1311 veritatem

320 1366 418 1445 hdei;
449 1368 551 1431 etsie
575 1387 721 1448 quaerere
745 1366 891 1429 raciones
912 1374 988 1448 post
1011 1365 1111 1428 fidem
1134 1363 1282 1429 habitam
1306 1376 1356 1431 est
1379 1367 1503 1430 bonum
1526 1376 1560 1432 et
1584 1367 1668 1430 mul-

319 1491 446 1552 tociens
470 1488 683 1551 meritorium.

406 1618 445 1685 [p.
467 1616 537 1685 504]
583 1606 747 1671 ‘Gloriam
782 1626 890 1669 meam
921 1605 1014 1669 alteri
1046 1627 1111 1669 non
1138 1603 1246 1682 dabo,’
1273 1627 1316 1670 sc.
1344 1617 1380 1671 ut
1406 1608 1508 1671 homo
1538 1609 1581 1672 de
1610 1629 1669 1672 sua

320 1738 437 1793 natura
467 1737 645 1812 cognoscat
674 1726 784 1791 lutura
813 1725 1042 1809 contingencia
1073 1735 1106 1790 et
1141 1727 1271 1790 occulta
1299 1727 1343 1790 ab
1372 1727 1515 1792 hominis
1548 1728 1670 1793 noticia

320 1849 481 1927 naturali3
513 1869 572 1912 nec
602 1848 697 1912 alteri
723 1849 784 1912 das
813 1846 952 1926 gloriam
984 1857 1084 1925 tuam,
1111 1848 1308 1928 potenciam,
1331 1868 1375 1912 sc.
1403 1848 1541 1914 faciendi
1573 1849 1670 1914 mira-

320 1970 401 2044 cula,
427 1970 489 2034 nisi
514 1969 648 2050 quando
673 1968 723 2030 vis
750 1976 784 2031 et
809 1966 943 2042 cuivis,
968 1966 1000 2029 in
1028 1967 1251 2031 ostensionem
1275 1967 1352 2031 fidei
1378 1970 1524 2033 veritatis
1550 1990 1610 2052 per
1635 1978 1671 2033 te

320 2091 451 2154 traditae
463 2111 471 2169 ;
498 2090 556 2153 sed
577 2099 614 2153 ut
634 2089 712 2152 mali
734 2097 768 2152 et
789 2088 929 2171 perversi
952 2086 1097 2151 habeant
1119 2096 1320 2170 potestatem
1342 2088 1481 2153 faciendi
1503 2089 1668 2166 miracula,

321 2211 354 2274 in
380 2210 606 2274 testimonium
632 2208 832 2273 contrarium
858 2228 944 2271 verae
974 2207 1050 2271 fidei
1081 2208 1262 2287 catholicae,
1288 2207 1351 2272 hoc
1382 2208 1462 2273 nulli
1488 2220 1586 2274 sectae
1613 2211 1671 2274 de-

320 2330 406 2409 disti,
433 2338 469 2393 ut
499 2330 585 2393 bene
611 2329 758 2393 declarat
786 2328 949 2391 Dominus
975 2327 1183 2392 Armacanus
1213 2328 1478 2413 archiepiscopus
1509 2331 1672 2396 Ricardus

320 2451 406 2514 filius
430 2450 600 2534 Radulphi
624 2451 667 2513 de
690 2448 929 2532 quaestionibus
951 2448 1186 2513 Armenorum.

407 2581 444 2648 [p.
462 2581 531 2648 511.]
575 2570 700 2635 Audivi
720 2571 808 2634 enim
828 2569 993 2651 quendam
1019 2569 1085 2632 lide
1104 2570 1242 2650 dignum
1262 2569 1428 2633 dicentem
1450 2591 1486 2633 se
1508 2572 1673 2637 audivisse

321 2694 406 2755 inter
423 2691 570 2755 Gentiles
590 2702 624 2754 et
646 2691 828 2756 Saracenos
848 2699 915 2753 tres
939 2710 1055 2753 causas
1074 2710 1176 2771 quare
1200 2689 1314 2753 nolunt
1337 2694 1482 2755 converti
1505 2694 1547 2755 ad
1571 2694 1672 2757 fidem

322 2812 355 2874 in
372 2812 442 2875 Xto
457 2813 545 2892 Jesu.
584 2812 662 2876 Una
677 2820 727 2875 est
742 2811 915 2875 diversitas
930 2819 964 2873 et
980 2810 1198 2873 contradiccio
1213 2811 1405 2894 opinionum
1421 2812 1505 2876 inter
1520 2813 1673 2893 Xtianos,

322 2932 355 2995 in
382 2933 518 2996 diversis
544 2932 643 2996 sectis
666 2942 700 2996 et
723 2932 756 2995 in
779 2931 915 2995 diversis
943 2930 1098 2993 materiis.
1143 2929 1224 2994 Alia
1248 2951 1346 2995 causa
1372 2942 1431 3008 est,
1459 2933 1536 3016 quia
1559 2934 1674 2999 dicunt

324 3052 479 3116 Saraceni
500 3055 589 3136 quod
610 3053 783 3116 manifeste
804 3060 899 3133 patet
923 3050 969 3114 eis
992 3022 1025 3114 in
1045 3051 1178 3114 Xtianis
1198 3050 1389 3116 habundare
1408 3073 1510 3136 opera
1530 3055 1675 3137 pessima

323 3183 437 3238 contra
464 3174 563 3237 iidem
587 3194 688 3256 quam
716 3172 830 3236 Xtiani
855 3172 1046 3255 praedicant,
1071 3181 1105 3235 et
1135 3171 1180 3235 sic
1207 3172 1307 3235 fidem
1334 3173 1435 3236 verbo
1461 3175 1673 3242 testificatam

322 3294 419 3358 lactis
440 3295 508 3358 suis
531 3294 736 3377 impugnant,
752 3304 786 3358 et
808 3295 981 3357 destruunt
1003 3293 1036 3356 in
1059 3293 1182 3375 seipsis,
1198 3303 1231 3356 et
1254 3293 1300 3357 sic
1323 3315 1381 3376 per
1404 3295 1545 3359 Xtianos
1569 3298 1675 3362 malos

323 3436 444 3479 nomen
475 3424 508 3479 et
539 3415 621 3478 fides
649 3415 709 3479 Xti
741 3413 992 3497 blasphematur
1021 3413 1054 3476 in
1081 3415 1247 3496 gentibus,
1272 3414 1290 3479 i.
1301 3436 1328 3479 e.
1354 3416 1440 3480 inter
1463 3415 1614 3483 Gentiles
1640 3430 1675 3485 et

324 3536 515 3614 Saracenos,
538 3536 595 3618 qui
621 3537 744 3613 dicunt,
772 3537 799 3598 si
831 3537 924 3600 Deus
950 3534 1150 3599 Xtianorum
1175 3556 1271 3600 verus
1301 3545 1335 3600 et
1360 3535 1472 3619 justus
1498 3549 1593 3616 esset,
1617 3561 1676 3604 eos

322 3659 465 3741 graviter
493 3657 624 3740 puniret
654 3677 714 3740 pro
745 3678 856 3720 eorum
888 3656 1069 3720 manifestis
1096 3657 1282 3739 nequicciis.
1329 3657 1417 3722 Item
1450 3660 1551 3724 tercia
1576 3681 1676 3726 causa

321 3788 402 3854 erat,
418 3778 504 3862 quia,
521 3788 558 3843 ut
576 3779 690 3842 dicunt
712 3778 876 3858 Saraceni,
900 3778 1015 3842 Xtiani
1037 3780 1171 3861 pessimi
1192 3788 1226 3844 et
1248 3777 1382 3843 fallaces
1404 3790 1480 3844 sunt
1503 3790 1537 3845 et
1559 3781 1676 3862 dolosi,

323 3910 361 3964 ut
387 3909 481 3982 patet
508 3900 553 3963 eis
580 3899 754 3965 manifeste
781 3900 814 3962 in
839 3899 985 3976 Venetis,
1011 3908 1044 3963 et
1070 3901 1103 3962 in
1129 3899 1203 3964 aliis
1229 3900 1363 3965 Xtianis
1388 3902 1435 3966 eis
1460 3902 1574 3967 vicinis
1599 3924 1675 3971 cum

323 4020 443 4102 quibus
473 4020 671 4085 contrahunt
706 4030 740 4085 et
769 4019 858 4086 facta
887 4019 1022 4101 iaciunt,
1053 4030 1087 4085 et
1119 4021 1308 4086 consimiles
1343 4023 1389 4086 eis
1415 4022 1565 4106 judicant
1593 4024 1677 4090 alios

326 4140 470 4204 Xtianos
491 4140 568 4206 fore.

412 4271 452 4338 [p.
469 4270 541 4339 519]
588 4263 672 4328 Haec
695 4264 849 4328 dominus
876 4263 1117 4329 Lincolniensis
1144 4264 1176 4328 in
1195 4265 1423 4347 ,Exposicione
1449 4286 1509 4330 sua
1536 4266 1675 4349 propria,
